3060 4964
414 558 696 612 uuuusuuumu
714 565 765 614 ou
786 564 863 615 uuu
883 569 1023 620 uuuuu.
1155 553 1205 626 99

643 747 737 814 xvl.

228 866 275 934 Ut
288 847 363 934 verb
377 868 511 967 rubrum·
521 868 600 934 vidit
614 891 742 935 manure
756 892 913 951 cruorem,

309 989 456 1056 Velocem
470 992 575 1078 potuit
588 1011 682 1056 nemo
696 1003 801 1058 vetere
814 993 921 1082 fugam
934 1021 945 1074 ς

226 1109 386 1198 Reliquias
396 1113 507 1177 veteris
518 1123 659 1180 metuens
673 1115 823 1180 mansisse
837 1115 980 1202 querelae,

218 1217 221 1224 ⁵
314 1231 390 1298 Hoc
404 1245 501 1313 ratus,
518 1233 582 1313 En,
598 1234 707 1314 hostis,
722 1254 808 1302 nunc
822 1236 892 1316 tibi,
908 1237 1000 1318 dixit,
1008 1236 1103 1304 habe.

226 1353 307 1419 lude
316 1353 390 1419 levis
404 1355 536 1441 pedibus
549 1368 643 1442 caput
657 1369 703 1422 est
713 1370 831 1424 tutatus
844 1359 977 1438 inerme,

314 1474 479 1544 Pulchrius
489 1476 551 1542 hoc
566 1477 620 1542 tali
634 1489 775 1564 tempore
789 1481 899 1543 mortis
914 1490 1003 1545 erute

227 1591 317 1660 Dum
331 1597 442 1682 procul
457 1620 476 1661 a
489 1620 597 1686 pugna
610 1599 715 1679 fuen't,
727 1595 837 1687 procul
852 1614 945 1687 utque
955 1599 1088 1688 periclo,
1200 1639 1202 1644 ·

317 1717 424 1809 Ocyor
438 1719 526 1787 Euro
541 1733 620 1788 esset
633 1723 687 1809 qui
701 1725 853 1812 tetigisset
867 1745 949 1789 eum.

658 1953 773 2026 XVII.

157 2171 161 2177 ν
232 2079 342 2146 Furcis
356 2102 430 2168 pars
446 2031 629 2168 tribulisque
643 2073 804 2170 agitabant
816 2082 944 2146 verbera
955 2082 1047 2163 dum,

317 2200 553 2290 confusumque
566 2201 631 2267 unt
644 2220 848 2289 composuere
861 2203 991 2291 globum
1002 2225 1012 2268 t

231 2319 311 2387 Pars
323 2321 410 2390 fusca
423 2316 588 2390 horreudls
603 2324 779 2389 tundebant
788 2325 870 2410 pilea
883 2325 991 2414 tignis,

320 2444 395 2522 Qut
409 2469 502 2532 super
516 2446 811 2531 infantee‘pontibus
826 2457 896 2511 acta
909 2446 960 2512 viu
974 2457 1040 2512 est:

233 2563 401 2632 Crescebat
412 2569 557 2652 strepitus
569 2566 708 2652 repetitis
723 2566 836 2632 ictibus
851 2580 943 2632 atrox

319 2689 408 2754 Dum
419 2689 545 2774 pulsant
554 2687 649 2753 fustes
663 2699 773 2754 mutua
787 2689 881 2754 dorsa
894 2703 1023 2777 graves:

233 2805 391 2876 Matronae
404 2812 544 2875 exierant
556 2809 676 2875 ululatu
691 2821 722 2874 et
737 2809 895 2898 plausibus
910 2809 988 2888 altit,
1025 2879 1027 2884 ,

321 2940 344 2974 “
360 2931 438 2997 Heu
452 2935 508 3012 ita,
521 2944 626 2998 noster
641 2945 742 3012 amor,
759 2949 814 3003 cur
825 2933 972 3019 resupine
980 2932 1065 3030 jacet
1075 2929 1110 2996 ?''.

647 3164 780 3238 XVIII.

237 3291 386 3360 Publicus
401 3293 519 3358 interea
532 3293 628 3358 Sutor
641 3313 777 3357 moerore
791 3292 944 3369 tumebat,
1001 3287 1003 3291 ’
1075 3287 1079 3296 ’
1180 3289 1184 3298 “

292 3405 297 3411 ’
324 3413 543 3501 Amplectente
555 3414 614 3478 viri
626 3413 888 3500 conjugefluente
899 3413 1004 3478 sinut:

238 3533 407 3622 squalebat
420 3545 521 3600 totum
535 3536 628 3624 nigro
643 3535 701 3600 sub
716 3536 867 3624 sanguine
881 3553 1008 3621 corpus,

324 3658 484 3747 Ingemuit
497 3659 591 3724 veluti
606 3659 721 3744 pallida
733 3672 854 3746 spectra
869 3659 984 3724 solenus

238 3775 340 3844 Hunc
353 3790 459 3843 tamen
474 3779 583 3844 uxoris
595 3779 766 3866 nitidoeque
780 3799 919 3866 eumque
929 3779 1092 3860 micantes,
1183 3781 1198 3834 s

324 3898 510 3984 Implicuere'
525 3900 604 3966 adeo
618 3900 703 3965 dulci
717 3902 750 3964 iu
771 3921 889 3980 umore,
905 3915 1012 3978 come,

239 4018 327 4086 Illius
341 4032 378 4098 ut
391 4020 483 4086 caus&
498 4043 556 4087 uec
570 4023 679 4088 tardus
694 4041 753 4088 nec
767 4023 857 4112 piger
871 4033 962 4101 esset,

323 4141 413 4210 Dum
427 4165 534 4231 pessus
547 4143 619 4233 plus
633 4144 728 4234 quum
742 4143 965 4234 millesugutus
979 4153 1058 4211 erat
