3060 4964
417 509 706 564 euersuri-runt
725 514 775 564 ou
794 511 877 564 rur
898 513 1043 566 curru.
1160 495 1209 574 97

661 697 762 764 ΧΙΙΙ.

231 813 330 904 Plaga
344 825 449 883 tamen
459 839 582 906 gressus
593 817 672 884 adeo
682 819 825 886 labefecit
838 822 937 901 eunti,

318 938 475 1004 Succiduo
486 941 520 1004 iu
529 951 644 1006 terrem
655 940 789 1006 volvitur
806 941 857 1007 ille
870 963 973 1031 genur

229 1057 319 1124 Alter
329 1071 365 1124 ut
384 1061 558 1126 extinctum
572 1083 631 1128 neo
645 1062 740 1148 opimi
751 1075 853 1128 morte
867 1063 1003 1150 reliquit,

314 1179 358 1245 Et
371 1183 482 1268 procul
493 1195 528 1247 ut
535 1185 642 1269 potuit
655 1185 735 1273 fugit
747 1185 789 1248 ab
803 1184 881 1249 urbe
895 1205 1029 1270 pavens:

231 1299 374 1390 Egressae
388 1319 502 1368 metros
516 1304 636 1390 lapsum
648 1307 689 1370 de
699 1319 836 1371 stercore
850 1305 975 1383 tollunt,

315 1421 545 1512 inveniuntque
559 1426 671 1491 onimae
685 1428 777 1515 sigua
790 1427 947 1491 manentis
961 1424 1083 1490 adhuer
1110 1475 1114 1480 -

225 1543 319 1612 Tunc
333 1546 432 1611 tribus
447 1548 480 1610 in
493 1547 599 1613 clunes
609 1547 790 1614 refovebant
805 1549 917 1614 ictibus
932 1571 1065 1637 aegrum,

313 1667 597 1754 semianimemque
610 1667 674 1734 cito
688 1671 851 1733 restituere
864 1670 975 1733 virum.

672 1907 768 1974 XIV.

230 2028 446 2109 Frendebant,
462 2031 624 2117 multoque
634 2030 754 2102 debent
762 2051 835 2096 oum
849 2051 1011 2096 munnure
1024 2030 1141 2120 plagas,

317 2151 462 2238 Quisque
471 2153 521 2217 cui
532 2152 636 2238 potuit
650 2173 743 2217 causa
757 2151 874 2216 doloris
889 2164 977 2216 erat:

209 2273 211 2278 ’
230 2271 309 2338 Pars
325 2271 436 2339 feriere
450 2273 526 2342 ulios
540 2273 670 2353 baculis,
685 2295 758 2360 pers
779 2295 855 2338 roxa
869 2273 1026 2362 legebant,

317 2394 396 2460 Pars
411 2396 541 2481 capiunt
554 2407 644 2460 tanto
657 2394 736 2461 fessa
750 2394 857 2459 labore
871 2393 988 2483 fugam.

232 2515 278 2582 At
292 2518 415 2602 sapiens
429 2517 511 2580 inter
525 2515 640 2580 fidioen
651 2517 716 2580 duo
729 2515 868 2599 plaustra
880 2515 1007 2589 latebat,

317 2638 378 2703 Illo
392 2659 507 2722 nempe
520 2637 573 2701 die
588 2649 635 2702 sot
649 2636 708 2700 sibi
723 2649 832 2700 cautus
843 2647 922 2711 erat,

232 2758 361 2846 Quippe
375 2758 505 2823 domum
520 2758 603 2824 sanis
617 2755 818 2844 infractisque
831 2756 951 2822 ossibus
964 2755 1042 2834 ibat,

315 2880 406 2946 Dum
420 2880 474 2966 qui
488 2880 674 2969 pugnabant
687 2879 792 2945 saucia
805 2878 947 2944 membra
958 2888 1099 2966 gemunt

660 3119 738 3187 XV.

228 3242 407 3324 Hutohinue
417 3241 555 3307 excelsus
569 3241 703 3327 corylaeo
713 3241 823 3306 rimini
836 3239 932 3305 suitur

319 3366 495 3450 Rumperet
510 3375 546 3428 ut
555 3362 641 3428 rixas
650 3361 710 3426 huc
725 3373 757 3427 et
771 3362 888 3448 ubique
900 3360 983 3424 ruit:

155 3543 159 3552 .
233 3485 471 3572 Prosternitque
484 3486 567 3550 viros
582 3483 676 3549 veluti
692 3484 758 3547 sino
779 3483 894 3548 robore
914 3501 1029 3561 mures,

313 3609 390 3674 Non
404 3607 456 3671 ille
469 3607 610 3695 ignavus,
627 3601 691 3670 non
703 3614 770 3668 erat
783 3602 834 3667 ille
848 3605 954 3691 piger:

233 3732 279 3798 At
291 3729 364 3795 licet
375 3728 534 3805 audacter,
543 3725 627 3792 oerte
641 3724 726 3790 haud
738 3725 894 3811 sapienter
908 3723 1032 3812 agebat,

297 3927 301 3936 .
317 3852 405 3916 Inter
419 3850 580 3915 dementes
594 3849 649 3935 qui
663 3870 743 3936 vaga
750 3846 833 3910 bellu
844 3843 927 3931 tulit:

231 3971 371 4038 Vulnere
384 3994 459 4036 nam
474 3971 577 4036 subito
592 3969 726 4035 mutilati
740 3967 859 4052 pollicis
872 3965 964 4042 ictus,

324 4099 348 4136 ‘¹
366 4091 472 4158 Sistite
488 4092 557 4178 jam
570 4090 672 4191 ludos,
687 4109 727 4156 en
736 4111 799 4189 ego
813 4087 939 4166 caesur,’'
954 4084 1009 4150 ait.
