3024 4962
348 481 396 550 80
545 498 721 548 ruuuruu
749 474 1128 556 crcircusuursuurs.

800 729 808 754 r
829 683 873 750 X.

389 805 551 872 Canonius
565 805 763 883 clarissimus,
779 803 1017 872 Gullovidicuus

391 929 476 994 Acer
490 941 521 993 et
535 927 716 1004 indomitus,
729 927 920 1014 consilioque
934 949 1038 1006 sunus,

389 1049 440 1115 Ibi
455 1049 522 1114 dux
536 1050 688 1128 adfuerat,
703 1048 879 1135 spectabilis
890 1071 1044 1134 personat

285 1269 289 1276 ι
391 1167 476 1234 Num
490 1193 550 1256 pro
564 1170 681 1236 tuenda
694 1172 807 1257 patric,
821 1171 908 1238 hunc
921 1171 1044 1258 peperit
1054 1168 1197 1238 Bellona.

817 1408 882 1476 Xl.

390 1528 602 1597 Deucslidoni
616 1528 781 1596 dominum
795 1541 973 1616 speraverat
988 1530 1147 1599 Gradivus

389 1648 513 1716 Nobilis
527 1664 559 1716 et
567 1652 702 1738 juvenis,
717 1651 806 1716 fortis
820 1665 851 1717 et
864 1652 1003 1731 activus3

389 1769 475 1836 Nam
490 1793 561 1836 cum
576 1772 717 1838 nativum
732 1772 913 1859 Principem
927 1774 1050 1840 exulem
1064 1774 1199 1855 audiret,

390 1891 488 1958 Redit
502 1914 543 1958 ex
560 1892 743 1981 Hunguric,
757 1908 792 1962 ut
808 1896 891 1984 Regi
904 1896 1077 1962 inserviret.

794 2135 877 2202 XII·

392 2255 506 2324 illicet
520 2256 662 2322 adfuerat
675 2267 762 2321 tutor
778 2255 1006 2333 nauticorum,

391 2376 460 2454 Qui
474 2359 599 2444 strenue
613 2389 807 2466 pugnaverat
821 2399 894 2446 cum
907 2379 999 2465 copie
1009 2379 1171 2458 virorumr

393 2496 438 2564 Et
451 2500 518 2585 ipse
533 2499 736 2586 capitaneus,
752 2511 844 2564 oetste
853 2499 978 2587 puerili,

393 2617 538 2685 Intentus
553 2633 599 2685 est
614 2620 655 2685 ad
668 2621 778 2708 proelia
787 2623 899 2709 spiritu
912 2620 1004 2688 virili.

805 2856 905 2922 XIII.

396 2975 670 3042 Gleumoristonus
679 2974 800 3062 junior,
815 2975 952 3060 optimus
962 2975 1105 3058 bellator,

395 3095 584 3183 Subitdjam
598 3096 697 3164 scetus
708 3099 757 3162 'est
771 3098 907 3183 optimus
922 3109 1061 3177 venator,

394 3218 573 3286 Perduelles
589 3219 762 3308 Whiggios
777 3229 813 3283 ut
822 3239 937 3304 pecora
950 3219 1129 3303 prostravit,

394 3339 481 3406 Ense
494 3351 527 3406 et
540 3340 690 3406 fulmineo
707 3339 891 3406 Mcckuium
904 3339 1033 3428 fugavit.

811 3581 907 3648 XIV.

393 3704 535 3794 Regibus
547 3717 580 3770 et
593 3703 714 3796 legibus
730 3703 845 3770 Scotici
860 3715 1047 3782 constantes,

392 3827 460 3893 Vos
474 3826 588 3915 clypeis
602 3841 634 3892 et
647 3825 758 3914 gladiis
772 3849 831 3914 pro
847 3825 996 3912 Principe
1009 3833 1240 3914 pugnantes.-

395 3948 509 4016 Vestra
523 3962 568 4015 est
583 3949 722 4028 victoris,
738 3961 839 4016 vestra
853 3959 900 4014 est
920 3960 953 4014 et
965 3947 1077 4036 gloria,

392 4068 433 4136 In
446 4048 542 4138 cuutu
556 4082 588 4137 et
601 4070 732 4136 historic
745 4091 856 4158 perpes
871 4079 919 4136 cst
931 4066 1103 4136 memoria!
