3060 4964
449 493 731 546 clinum-nnn
747 495 799 546 ΟΝ
818 496 896 546 'run
913 498 1053 556 GKRH·

697 679 744 746 X.

251 797 320 864 Neu
332 797 422 865 morti
436 811 590 890 cognatus
602 797 732 890 quidam
745 803 849 873 subito
863 805 991 875 intonat
1002 809 1088 890 Ohe,
1132 813 1135 820 ’
1193 815 1197 822 ’
1214 815 1232 824 ’“

333 922 387 987 De
399 921 611 1010 pharetrique
625 925 722 990 trahit
735 927 851 994 missile
864 929 962 994 robur
976 953 1090 998 orans:

248 1041 425 1108 strinxerat
440 1057 473 1109 at
487 1046 581 1110 tantis
595 1039 782 1112 fiuibundus
796 1047 914 1115 viribus
936 1073 1057 1131 marm,

332 1164 390 1230 Ille
404 1166 508 1230 statim
523 1168 609 1232 varia
623 1168 658 1231 in
672 1167 829 1257 fragmina
843 1171 954 1256 ruptus
968 1173 1044 1238 abit.

1180 483 1228 561 id

246 1285 300 1352 Sic
311 1287 457 1376 equidem
471 1287 598 1354 voluere
613 1283 680 1367 Dii,
697 1292 775 1366 mihi
787 1289 914 1388 credere
929 1293 975 1358 fas
988 1307 1047 1374 ert,
1158 1325 1160 1330 ·
1209 1301 1211 1306 “

331 1409 414 1474 Nam
429 1411 454 1474 si
469 1423 617 1477 servasset
630 1406 772 1478 fraxinuri
786 1415 845 1478 ista
859 1414 967 1497 fidem,

242 1527 381 1596 Dicebat
393 1533 572 1635 quicunque
586 1533 645 1596 viri
659 1546 852 1622 cognoverat
863 1547 978 1615 artem,

330 1650 438 1718 Multa
451 1653 557 1718 sutura
570 1653 625 1720 illo
639 1675 774 1741 corpora
787 1677 869 1723 caesa
882 1657 944 1722 die.
963 1657 967 1662 ’

628 1871 633 1879 ’
686 1891 750 1958 x1.

242 2013 397 2080 Fervidus
410 2014 486 2081 hinc
508 2015 684 2102 audaxque,
697 2012 855 2088 Herma
868 2015 1009 2097 nemine,
1021 2017 1119 2100 miles,
1151 1999 1154 2008 ’
1201 2073 1205 2082 .

328 2136 395 2213 Qui
409 2139 499 2202 mirae
514 2142 690 2204 arcitenens
705 2135 883 2212 calliditatis
897 2150 974 2218 erat,

239 2258 454 2327 Instrumenta
467 2262 563 2346 rapit,
576 2261 700 2327 fuerant
713 2283 786 2348 quaa
795 2261 945 2347 proxima
959 2259 1045 2340 belli,

325 2383 409 2448 Tam
424 2383 562 2450 violenta
573 2384 617 2448 illi
628 2385 764 2470 pectoris
778 2386 827 2448 ira
841 2384 917 2449 trit:

240 2503 351 2572 Fortia
363 2528 405 2570 an
420 2506 556 2571 errarint
565 2495 737 2590 jaculdndo
751 2503 892 2580 brachia,
906 2525 1017 2586 necne,

324 2627 380 2691 An
394 2625 500 2704 fuerit,
517 2625 649 2690 dubium
664 2636 722 2703 eet,
737 2624 816 2691 alter
831 2625 951 2689 amicus
964 2625 1074 2705 hom0,

240 2745 309 2814 Hic
324 2759 431 2812 tamen
446 2747 554 2826 evasit,
567 2746 650 2811 certe
665 2745 836 2810 auxiliante
847 2739 967 2825 Marii,

325 2869 374 2935 Ut
388 2870 443 2955 qui
459 2869 519 2936 tale
531 2868 607 2934 mali
621 2868 667 2934 nil
679 2868 848 2934 meditatus
861 2879 939 2932 erat.

683 3107 769 3174 XII.

239 3231 378 3299 Lauriur
392 3231 467 3296 inde
481 3229 538 3296 feri
550 3229 681 3296 saliebat
693 3252 783 3296 more
795 3226 906 3307 leonis,

325 3350 369 3418 Et
383 3364 522 3438 pennata
532 3349 596 3416 citt
610 3351 672 3416 tela
684 3371 797 3436 parare
811 3362 933 3436 potest:

239 3473 424 3560 spondebat
433 3474 543 3560 juveni
554 3473 693 3540 mediam
704 3473 862 3538 terebrare
875 3470 1035 3558 papillam,

324 3596 368 3660 Ni
383 3593 511 3673 faceret,
526 3594 638 3661 contri
652 3579 763 3681 rpnnte
781 3594 912 3664 daturus
926 3615 1035 3660 oremr

237 3716 392 3782 Inferiore
406 3729 512 3783 tamen
523 3719 676 3804 percussit
686 3717 840 3783 arundine
854 3715 983 3794 ventris,

323 3838 372 3906 Ut
386 3841 501 3917 vesica,
511 3861 623 3904 cavum
638 3839 711 3904 fecit
726 3825 849 3904 arundo
864 3859 987 3915 sonum,

238 3961 385 4049 Namque
398 3961 537 4051 benigna
552 3962 620 4026 viro
634 3959 758 4028 tantum
768 3961 895 4028 fortuna
907 3958 1042 4049 favebat,

324 4085 492 4153 Indurium
513 4107 554 4155 ex
568 4107 670 4154 crassa
684 4083 765 4174 pelle
778 4083 903 4174 tegebat
917 4103 999 4154 eum·
1099 4081 1101 4086 ’
