3060 4964
312 492 356 558 lu
616 503 994 561 ieiuno-nmmum.

351 694 497 783 Namque
509 692 531 770 ἡ
544 694 701 780 principio
716 697 845 762 storiam
859 698 1034 763 tellabimus
1049 721 1185 769 omnem.

307 815 532 884 Muekreiliitm
546 819 708 906 ingentem
722 819 848 883 turbam
874 820 1005 885 Vitarna
1019 844 1076 908 per
1089 846 1182 913 agros

304 939 453 1005 Nebernae
466 939 629 1004 marcham
643 938 726 1018 fecit,
742 951 774 1004 et
788 940 869 1006 dixit
883 941 925 1006 ad
938 938 1023 1008 illou:

306 1069 330 1105 ‘⁶
355 1061 404 1126 Ite
422 1061 518 1126 hodie
532 1062 644 1154 urmeti
662 1062 801 1149 greppis,
817 1062 937 1128 drivate
951 1063 1086 1128 caballos

303 1183 457 1248 Nebernae
470 1205 527 1269 per
541 1183 652 1262 crofta,
669 1193 762 1269 atque
776 1183 858 1269 ipsus
872 1195 946 1250 aute
960 1185 1119 1252 fenestras.

306 1303 403 1380 Quod
419 1305 444 1368 si
458 1303 539 1371 forte
549 1305 618 1389 ipsa
633 1304 778 1368 Neberna
792 1307 912 1372 venerit
927 1304 1017 1372 extri

306 1425 523 1490 Warrentabo
538 1447 658 1505 omnes,
673 1436 705 1490 et
718 1449 773 1491 vos
784 1425 865 1492 bene
879 1425 1084 1493 defendeho.’⁷

348 1547 416 1614 Hic
430 1549 562 1613 ederent
576 1545 699 1634 Geordy
709 1547 916 1628 Akinkeadun
934 1561 966 1616 et
979 1550 1060 1616 little
1072 1551 1203 1632 Jotnus,

305 1667 350 1733 Et
362 1669 455 1754 Jamy
465 1669 618 1748 Ricimus,
634 1679 666 1734 et
680 1679 764 1733 stout
779 1668 898 1734 Michel
911 1671 1143 1752 Hendersonus,
1275 1727 1281 1740 .

305 1787 373 1864 Qui
386 1790 533 1878 gillitrips
548 1801 622 1856 ente
636 1790 713 1854 elios
734 1789 868 1856 densere
882 1791 1014 1870 solebat,

304 1908 349 1975 Et
362 1911 503 1976 bobbare
516 1910 607 1989 bene,
619 1923 651 1976 et
660 1912 754 1976 lassas
765 1910 883 1976 kissure
897 1912 1044 1990 bonaeus3

305 2029 441 2095 mucan
459 2029 749 2118 Olyphautusvaide
763 2031 936 2110 stalvnrtus,
953 2043 986 2096 et
999 2033 1064 2116 ejus

305 2151 404 2217 Filius
418 2150 738 2238 eldestus,jolyboyue
752 2162 846 2236 atque
862 2151 1058 2231 Oldmoudus,

307 2270 374 2347 Qui
388 2271 557 2362 pleugham
573 2271 668 2359 lango
682 2271 789 2359 geddo
804 2271 928 2338 drivure
942 2271 1082 2350 solebat3

307 2391 352 2456 Et
366 2392 436 2456 nob
453 2390 529 2472 Gib,
544 2403 707 2456 wantonus
722 2391 832 2471 homo,
849 2403 943 2480 atque
955 2391 1060 2458 Oliuer
1074 2392 1230 2471 Hutchiu,

307 2511 351 2578 Et
361 2512 592 2600 ploueky·fac'd
609 2515 710 2599 Watty
719 2513 847 2599 Strang,
859 2513 1113 2601 etquein-kneed
1126 2513 1297 2578 Alstender

392 2633 508 2711 Atken,
599 2691 602 2708 ,

307 2752 352 2818 Et
372 2755 461 2839 Wlly
475 2755 560 2818 Diclc
573 2754 788 2842 heavy-arstus
802 2756 911 2833 homo,
926 2756 1114 2843 pigerrimus
1128 2754 1283 2830 omnium,

308 2872 375 2949 Qui
389 2874 462 2938 tulit
476 2875 510 2937 in
524 2875 607 2959 pileo
617 2897 767 2964 magnum
782 2877 975 2962 rubrumque
976 2877 1133 2959 faverent,

307 2993 408 3058 Valde
423 2993 523 3058 lethus
537 3016 696 3082 pugnare:
720 2996 773 3059 sed
785 2995 870 3059 hune
888 2994 1100 3082 Corngrevius
1114 2992 1207 3058 heros

308 3115 549 3181 Nout-headum
563 3117 697 3195 vocavit,
707 3129 800 3202 atque
814 3116 903 3180 illum
917 3115 1007 3181 forsit
1021 3116 1063 3181 ad
1073 3137 1170 3180 arma.

307 3237 441 3323 Insuper
452 3236 505 3304 hic
519 3237 650 3304 aderant
668 3238 743 3302 Tmu
754 3237 783 3299 T
778 3238 878 3322 ayler,
894 3249 926 3302 et
939 3237 1053 3322 Hemy
1073 3239 1239 3316 Watsonus‚

309 3357 353 3423 Et
373 3359 466 3444 Tomy
481 3357 676 3438 Gitchristus,
692 3370 723 3423 et
736 3357 800 3422 fool
813 3358 911 3443 Joclcy
923 3343 1128 3436 Robimonus,

308 3479 442 3544 Andrew
464 3478 679 3555 Ausucum,
693 3489 726 3544 et
738 3480 860 3564 Jammy
878 3479 1050 3558 Tommmu,
1065 3490 1097 3542 et
1111 3499 1193 3542 unus

310 3599 588 3666 Norland-bornus
602 3600 700 3665 homo
714 3600 805 3666 valde
819 3598 910 3664 uelde
926 3599 1204 3683 Antieovenanter,

225 3775 228 3780 .
309 3719 448 3785 Nomine
464 3720 638 3796 Gordonus,
652 3721 743 3787 valde
757 3720 993 3800 blackmoudus,
1006 3730 1038 3785 et
1051 3719 1129 3784 alter

310 3837 403 3922 (Heu
416 3839 504 3927 piget
517 3841 631 3929 ignoro
646 3843 775 3924 nomeu)
785 3840 1046 3927 slevry-beerdius
1059 3839 1169 3918 homo,

310 3957 377 4034 Qui
391 3971 494 4044 pottus
505 3960 670 4050 dightavit,
683 3973 714 4028 et
724 3985 806 4028 assas
815 3962 926 4050 jecerit
940 3959 1039 4027 extri.

351 4080 498 4168 Denique
511 4104 579 4167 prae
593 4084 718 4171 reliquis
734 4083 911 4147 Geordaeum
926 4082 1048 4159 affatur,
1064 4092 1096 4146 et
1106 4079 1226 4166 iuquit:

310 4206 333 4244 ‘⁶
353 4199 479 4286 Geordy
493 4204 537 4268 mi
552 4203 728 4284 fermenne,
740 4206 823 4271 inter
837 4204 1043 4271 stoutissimus
1057 4223 1176 4278 omnes,

311 4320 389 4399 Huc
404 4322 478 4390 ades
488 4336 521 4390 et
531 4326 781 4408 crooksaddelos,
790 4327 1004 4414 hemmusque,
1015 4325 1182 4410 crelesque,

798 4458 813 4500 s
