3060 4964
447 533 734 598 cunum-nnn
752 543 801 592 on
819 541 896 591 rue
916 545 1056 594 ernau.
1186 525 1247 602 .l9

715 780 719 790 .
734 728 765 794 1.

257 823 352 914 Non
366 870 505 936 unquam
520 851 554 914 in
570 851 673 918 Sentis
685 851 794 917 andiu
803 863 862 918 aut
875 853 941 918 vise
952 853 1042 920 ‘fuere

342 970 434 1035 Talia
448 971 586 1036 saltantis
600 971 728 1060 gaudia,
740 983 852 1059 totque
866 973 969 1054 chori,

255 1090 331 1156 Non
346 1091 400 1155 ubi
415 1092 533 1180 regales
542 1095 641 1180 jactat
656 1093 846 1157 Fallclanclia
859 1095 971 1174 amcos,

342 1210 419 1276 Non
432 1213 488 1276 ubi
502 1215 568 1301 agit
580 1213 673 1278 ludos
688 1215 798 1278 Peblia
812 1214 885 1279 villa
898 1237 992 1293 suos;

252 1331 370 1408 Qualia
384 1332 489 1398 adhuc
502 1336 631 1399 memini
646 1336 818 1400 certamina
831 1336 924 1400 mista
935 1358 1121 1422 procorum,

341 1452 454 1539 Nuper
467 1454 552 1540 apud
568 1456 781 1539 Glanate-liri
793 1455 872 1520 festo
886 1458 1005 1544 agitata
1018 1457 1081 1537 die,

254 1572 333 1639 Huc
347 1574 428 1639 bene
440 1575 577 1640 lotarum
590 1576 701 1640 vestita
711 1576 885 1641 ‘advenerat
898 1576 976 1641 albis

342 1695 465 1761 Blanda
479 1696 654 1781 puellarum
668 1707 701 1761 et
716 1697 834 1784 munda
848 1708 972 1762 caterva
986 1699 1078 1786 togis.

720 1935 765 2005 II:

254 2056 407 2126 saltatum
422 2078 535 2124 venere
548 2081 669 2138 omnes,
686 2071 718 2124 et
737 2061 771 2124 in
785 2060 897 2125 ordine
911 2073 1069 2147 promptae

340 2179 474 2245 Ancillae
488 2179 549 2243 illae
563 2180 690 2259 hilares,
702 2182 844 2246 moribus
858 2193 952 2267 atque
965 2181 1065 2246 leves:

252 2301 427 2368 Induerant
440 2300 705 2366 manibustheeas
721 2300 805 2364 varii
820 2314 888 2366 arte
902 2315 1057 2381 venustas,

340 2423 516 2488 Arctabant
529 2422 660 2510 graciles
674 2415 815 2509 tegmina
828 2422 938 2509 glabra
951 2421 1057 2507 pedes,

252 2542 342 2619 Quas
355 2541 495 2607 habuere
509 2554 599 2630 togas
612 2543 743 2606 dederat
757 2543 938 2619 Lineoluia,
953 2542 1060 2616 multis

340 2663 538 2748 Compositas
552 2662 633 2726 mira
647 2662 833 2728 dexteritate
846 2661 957 2747 plicis3

253 2785 402 2851 Attamen
418 2782 459 2848 ad
468 2786 622 2870 juvenum
637 2795 737 2848 tactus
752 2775 832 2848 aded
847 2805 945 2869 usque
959 2783 1084 2868 pudieae

340 2906 518 2993 Caprarum
532 2904 659 2972 timidos
673 2927 762 2972 more
775 2904 892 2971 dedere
905 2926 1008 2970 sonos.

709 3147 774 3213 111.

253 3268 342 3334 Inter
354 3278 402 3332 tot
416 3289 533 3346 sueves,
546 3279 582 3332 ut
598 3267 765 3354 Hymettia
779 3266 882 3345 mella,
895 3268 1017 3352 ¹puellas

338 3389 421 3466 Quae
435 3389 572 3474 palmam
586 3389 701 3452 meruit
713 3387 821 3452 Gillia
836 3388 926 3475 virgo
939 3387 1021 3466 fuit3

254 3508 401 3575 Candido
411 3510 579 3575 vincebant
593 3509 731 3574 albentes
744 3509 808 3574 lilia
822 3531 983 3588 mammae,

339 3630 518 3697 Vincebaut
532 3630 648 3695 nitidae
661 3629 751 3694 labra
764 3631 880 3694 rubore
894 3651 999 3694 rosae:

253 3751 392 3818 Pulchra
406 3764 512 3816 tamen
526 3752 623 3816 flavos
636 3751 718 3828 lieet,
734 3763 765 3815 et
779 3749 860 3815 bene
868 3769 957 3834 pexa
972 3746 1099 3833 capillos

341 3872 419 3939 Heu
434 3874 567 3938 nimium
581 3872 714 3961 indigno
726 3869 820 3936 stultu
834 3871 868 3934 in
882 3890 990 3935 amore
1003 3868 1075 3948 fuit,

254 3992 464 4069 Quantumvis
478 4004 625 4078 poteraut
638 3990 771 4056 fremere
784 4003 840 4056 aut
854 3989 984 4078 euadere
997 4000 1142 4074 parentes

338 4114 501 4184 Billeolum
516 4123 590 4180 aute
604 4134 712 4180 omnes
729 4111 832 4182 Gellia
842 4109 959 4178 habere
973 4111 1071 4196 cupit.
