3060 4964
413 507 697 597 treverii-xm
716 539 767 590 ort
786 542 863 592 τηε
886 544 1027 597 einer.
1167 528 1214 598 ³1

664 724 765 792 XIX.

235 843 339 912 Fortis
352 857 420 912 eret
433 845 544 912 formae
557 848 688 912 milleris
703 847 786 914 mole
798 851 908 932 virilis,

318 966 395 1032 Non
406 968 460 1033 teli
473 981 598 1057 optares
612 969 722 1035 obvius
737 972 783 1036 ire
797 971 884 1038 viro:

232 1086 300 1153 Nix
312 1089 357 1154 illi
367 1090 492 1156 voluere
505 1091 614 1156 decem
628 1113 814 1157 concurrere
823 1095 939 1180 juncti,

320 1210 427 1277 Tanto
441 1225 473 1278 et
487 1225 552 1278 tam
566 1212 678 1278 crebro
688 1213 817 1278 vulnere
831 1214 948 1301 templa
960 1219 1069 1301 quatit„

234 1331 336 1398 Hunc
349 1333 413 1398 cite
427 1334 623 1398 circumeunt
636 1355 757 1412 omnes,
773 1335 853 1398 etin
867 1335 996 1423 agmine
1009 1337 1107 1404 denso

322 1454 468 1520 Arcubus
482 1452 600 1519 infestis
614 1454 754 1540 undique
768 1477 891 1541 quaque
905 1468 1074 1541 premuntr

234 1573 278 1639 Et
291 1576 423 1642 tendum
437 1597 592 1653 aversum,
604 1575 684 1640 nihil
694 1587 726 1640 et
739 1587 811 1662 post
825 1587 913 1662 terga
927 1576 1089 1644 timentem

324 1695 463 1775 Insidiis,
480 1708 565 1762 secto
577 1697 707 1782 poplite,
718 1695 803 1781 pone
817 1707 941 1761 necant.

681 1935 765 2000 XX.

236 2055 326 2122 Hinc
340 2057 418 2136 duo,
433 2057 488 2143 qui
502 2055 627 2122 fuerant
641 2056 786 2124 ductores
804 2059 937 2146 agminis
951 2060 1023 2145 ipsi,

322 2178 482 2244 Arietibus
496 2180 620 2257 similes,
636 2179 767 2245 alterurn
782 2191 913 2266 uterque
927 2192 1060 2266 petunt3

236 2297 457 2386 Invaduntque
471 2299 546 2366 hinc
560 2300 635 2365 inde
649 2302 755 2379 armis,
770 2302 936 2387 positoque
950 2303 1064 2366 timore
1182 2361 1186 2372 .

321 2421 498 2487 Vibrabant
508 2423 601 2486 cretis
615 2441 692 2508 quas
707 2422 794 2487 dedit
807 2444 885 2486 ansa
898 2421 1018 2488 trabes:

89 2599 94 2603 .
236 2540 311 2617 Qut
324 2555 431 2606 tamen
445 2565 502 2607 ora
515 2538 618 2607 viruni
633 2540 700 2607 sine
713 2547 853 2630 tegmine
866 2543 953 2606 nuda
967 2543 1064 2621 fuere,

323 2662 429 2728 Multa
443 2685 535 2748 super
546 2664 650 2728 fauces
664 2663 793 2728 vulnera
806 2663 938 2750 quisque
952 2661 1036 2741 tulit,
1086 2685 1091 2698 ·

236 2783 325 2850 Dum
339 2783 457 2850 fuerint
471 2800 540 2850 atm
554 2783 738 2849 madefactae
752 2783 905 2870 sanguine
918 2781 1027 2846 berbae

323 2905 467 2980 Qualiter
481 2906 519 2971 'ac
533 2907 558 2970 si
574 2927 673 2993 agnos
687 2902 781 2968 ambo
795 2901 919 2969 vonisse
930 2914 1033 2988 putes.

667 3145 768 3213 XXI.
783 3199 787 3202 .

237 3267 417 3334 Clamorem
431 3266 545 3332 vetulae
558 3265 734 3332 miserandi
745 3287 822 3331 voce
835 3263 972 3346 ciebant,

322 3387 396 3454 Hos
405 3387 471 3454 sere
485 3388 562 3452 dum
577 3389 709 3474 juvenes
718 3388 852 3474 jungere
866 3386 946 3451 bella
959 3384 1080 3468 vident,

236 3509 345 3600 thue
359 3511 477 3576 cedunt
490 3510 666 3596 imboesque
679 3509 760 3573 nivis
773 3508 822 3573 vel
836 3507 960 3596 fulgura
974 3507 1055 3587 dira,

325 3632 378 3697 Sic
392 3631 555 3718 pessim'in
569 3651 707 3717 campos,
719 3628 850 3694 stridula
859 3629 963 3708 turba,
979 3641 1094 3694 ruunt:

238 3750 395 3841 Clevigeri
408 3753 530 3832 herois,
545 3751 590 3816 illi
605 3749 691 3816 illum
705 3750 780 3816 hinc
794 3749 881 3831 inde,
896 3749 1069 3815 domabant

324 3873 438 3938 Sterna
452 3895 557 3960 super,
567 3873 678 3938 flueret
691 3871 807 3936 multus
820 3882 857 3938 ut
869 3870 944 3935 inde
958 3891 1068 3935 cruor:

238 3990 474 4081 Horrendoque
487 3993 567 4058 ederi
581 3994 708 4060 fremitu
721 4013 875 4079 campana
887 3990 1015 4070 borbat,

323 4113 372 4181 Ut
385 4125 532 4184 tremeret
546 4114 684 4182 titubans
698 4115 782 4203 spira
796 4113 920 4204 fragore
933 4111 1033 4202 gravi.
