3060 4964
521 489 597 538 sun
617 462 795 538 Misnnn's
813 488 922 536 winn.
948 525 956 531 .

321 673 503 740 Monstrum
512 671 718 751 horrendum,
735 686 826 758 turpe
839 673 917 750 visu,

302 794 363 860 'At
377 818 435 860 nec
450 773 654 882 spectandum
668 795 784 882 absque
798 797 862 860 risu
874 821 884 872 3

317 917 372 982 En
387 919 580 1003 sacerdotem
593 917 678 982 foedo
692 939 781 984 more

319 1038 544 1106 consociatum
559 1061 631 1106 cum
646 1059 800 1126 uxoree-

318 1155 394 1224 Non
409 1160 499 1226 decet
513 1160 645 1245 emplius
659 1159 798 1225 enarrari
809 1182 831 1238 ².

319 1279 417 1358 Quod
432 1281 637 1364 inhonestum
652 1292 698 1344 est
706 1277 844 1366 profari:

317 1401 372 1468 Ad
386 1401 483 1467 finem
496 1424 581 1488 pone
596 1423 663 1468 rem
677 1401 883 1488 perductum

316 1521 453 1587 Jacobus
467 1522 546 1588 vidit
559 1544 699 1588 mensam
714 1533 876 1602 structam,

320 1643 429 1719 Quam
442 1645 576 1729 desuper
591 1643 653 1708 cito
668 1655 824 1729 repostam

172 1762 177 1771 ⁴
319 1763 479 1830 Gallinam
494 1777 612 1850 spectat
625 1765 706 1830 bone
716 1752 842 1842 tostam,

321 1884 366 1949 Et
380 1883 532 1972 omphord
546 1885 615 1970 plus
630 1883 692 1950 und
709 1883 791 1948 bonci

324 2005 474 2071 Cervisioe
487 2005 579 2092 pleni
594 2026 635 2070 ex
649 2026 801 2091 caupona.

362 2130 437 2206 Ast,
460 2126 492 2192 O
506 2126 666 2210 fortunam
681 2127 843 2192 infelicem!

323 2249 431 2326 Quum
442 2251 509 2335 jem
523 2249 667 2314 sacerdos
681 2250 714 2313 in
730 2249 881 2332 cervicem

322 2369 405 2435 Pudi
419 2369 524 2434 tenelli
539 2370 675 2434 cultrum
690 2369 788 2446 dedit,

321 2490 373 2555 En
385 2489 511 2578 molitor
527 2489 673 2570 Albercus
687 2487 791 2565 redit3

323 2609 367 2675 Et
381 2610 568 2696 improvisus
583 2620 619 2673 ut
633 2609 784 2694 ingratus,

325 2730 380 2796 nd
396 2730 511 2794 ostium
525 2728 722 2812 vociferatae,

331 2861 354 2895 ‘⁶
370 2850 476 2930 Heus,
493 2853 585 2914 Bella
595 2860 606 2913 i
630 2852 716 2938 operi
731 2848 873 2914 marito.’'

324 2970 356 3037 O
371 2971 465 3060 quim
481 2972 627 3036 sacerdos
642 2970 726 3059 fugit
741 2967 815 3048 citd,

325 3093 370 3160 Et
384 3093 493 3159 condit
507 3116 572 3158 sese
586 3115 670 3178 pone
685 3092 814 3168 lectum,

325 3213 415 3282 Dum
431 3235 526 3278 omne
541 3213 695 3292 mundum
711 3211 749 3276 fit
762 3223 794 3275 et
808 3221 940 3274 rectum.

327 3335 449 3402 Marito
464 3347 542 3398 tunc
556 3334 684 3400 reclusae
697 3330 802 3406 aedem

325 3455 409 3522 Cum
425 3457 539 3520 Bella.-
557 3464 579 3496 “
588 3455 664 3550 ,θην
679 3467 743 3518 tam
758 3451 822 3518 oitd
836 3451 918 3518 redis
932 3449 965 3515 ?”

327 3579 476 3644 Albertus
491 3576 574 3655 infit,
592 3584 615 3618 ‘⁴
634 3573 734 3640 stulte
750 3573 825 3654 fata,

328 3698 488 3764 incultum
503 3695 582 3762 oded
596 3719 628 3762 es
643 3718 694 3762 me
709 3707 778 3760 rats

328 3821 377 3886 Ut
391 3820 508 3884 nollem
521 3817 636 3906 hospiti
652 3839 702 3896 me
718 3816 794 3881 dare

328 3941 434 4017 Quem
447 3939 511 4006 fors
525 3939 689 4004 nobiscum
704 3938 759 4004 dat
773 3957 898 4002 coenure
909 3962 924 4014 ς,

328 4061 482 4154 Jacobum
497 4083 611 4146 nempe
625 4059 713 4124 hunc
727 4057 900 4124 formosum

339 4183 578 4252 Adolescentem
592 4203 780 4270 generosum

707 4321 729 4367 n
