<?xml version="1.0" encoding="UTF-8"?>
<!DOCTYPE html PUBLIC "-//W3C//DTD XHTML 1.0 Transitional//EN"
    "http://www.w3.org/TR/xhtml1/DTD/xhtml1-transitional.dtd">
<html xmlns="http://www.w3.org/1999/xhtml" xml:lang="en" lang="en">
 <head>
  <title>
</title>
<meta http-equiv="Content-Type" content="text/html;charset=utf-8" />
  <meta name='ocr-system' content='tesseract 3.04.00' />
  <meta name='ocr-capabilities' content='ocr_page ocr_carea ocr_par ocr_line ocrx_word'/>
</head>
<body>
  <div class='ocr_page' id='page_1' title='image "./carminumrarioru00unkngoog_0026.png"; bbox 0 0 3060 4964; ppageno 0'>
   <div class='ocr_carea' id='block_1_1' title="bbox 426 491 1228 570">
    <p class='ocr_par' dir='ltr' id='par_1_1' title="bbox 426 491 1228 570">
     <span class='ocr_line' id='line_1_1' title="bbox 426 491 1228 570; baseline -0.011 0"><span class='ocrx_word' id='word_1_1' title='bbox 426 515 713 570; x_wconf 75' lang='lat' dir='ltr'><strong>currere-rtur</strong></span> <span class='ocrx_word' id='word_1_2' title='bbox 730 515 880 568; x_wconf 74' lang='lat' dir='ltr'><strong>ouran</strong></span> <span class='ocrx_word' id='word_1_3' title='bbox 899 513 1040 568; x_wconf 76' lang='lat' dir='ltr'><strong>sensu.</strong></span> <span class='ocrx_word' id='word_1_4' title='bbox 1179 491 1228 566; x_wconf 68' lang='lat'><strong>21·</strong></span> 
     </span>
    </p>
   </div>
   <div class='ocr_carea' id='block_1_2' title="bbox 686 703 744 768">
    <p class='ocr_par' dir='ltr' id='par_1_2' title="bbox 686 703 744 768">
     <span class='ocr_line' id='line_1_2' title="bbox 686 703 744 768; baseline -0.034 0"><span class='ocrx_word' id='word_1_5' title='bbox 686 703 744 768; x_wconf 87' lang='lat' dir='ltr'><strong>IV.</strong></span> 
     </span>
    </p>
   </div>
   <div class='ocr_carea' id='block_1_3' title="bbox 235 817 1054 1767">
    <p class='ocr_par' dir='ltr' id='par_1_3' title="bbox 235 817 1054 1767">
     <span class='ocr_line' id='line_1_3' title="bbox 236 817 883 903; baseline -0.008 -9"><span class='ocrx_word' id='word_1_6' title='bbox 236 823 283 894; x_wconf 78' lang='lat' dir='ltr'><strong>At</strong></span> <span class='ocrx_word' id='word_1_7' title='bbox 295 825 376 893; x_wconf 69' lang='lat' dir='ltr'><strong>male</strong></span> <span class='ocrx_word' id='word_1_8' title='bbox 390 827 511 894; x_wconf 74' lang='lat' dir='ltr'><em>Jockaeo</em></span> <span class='ocrx_word' id='word_1_9' title='bbox 525 817 631 892; x_wconf 84' lang='lat' dir='ltr'><strong>sannis</strong></span> <span class='ocrx_word' id='word_1_10' title='bbox 644 825 741 890; x_wconf 87' lang='lat' dir='ltr'><strong>irrisit</strong></span> <span class='ocrx_word' id='word_1_11' title='bbox 754 823 883 903; x_wconf 78' lang='lat' dir='ltr'><strong>acerbis,</strong></span> 
     </span>
     <span class='ocr_line' id='line_1_4' title="bbox 322 945 995 1035; baseline -0.001 -24"><span class='ocrx_word' id='word_1_12' title='bbox 322 946 452 1014; x_wconf 87' lang='lat' dir='ltr'><strong>Insulsis</strong></span> <span class='ocrx_word' id='word_1_13' title='bbox 466 948 586 1014; x_wconf 81' lang='lat' dir='ltr'><strong>addens</strong></span> <span class='ocrx_word' id='word_1_14' title='bbox 599 947 717 1034; x_wconf 87' lang='lat' dir='ltr'><strong>probra</strong></span> <span class='ocrx_word' id='word_1_15' title='bbox 730 947 868 1035; x_wconf 86' lang='lat' dir='ltr'><strong>maligna</strong></span> <span class='ocrx_word' id='word_1_16' title='bbox 877 945 976 1033; x_wconf 85' lang='lat' dir='ltr'><strong>jocis:</strong></span> <span class='ocrx_word' id='word_1_17' title='bbox 994 957 995 962; x_wconf 77' lang='grc'>’</span> 
     </span>
     <span class='ocr_line' id='line_1_5' title="bbox 235 1067 1011 1155; baseline 0.003 -21"><span class='ocrx_word' id='word_1_18' title='bbox 235 1067 294 1135; x_wconf 92' lang='lat' dir='ltr'><strong>Ille</strong></span> <span class='ocrx_word' id='word_1_19' title='bbox 307 1069 564 1150; x_wconf 66' lang='lat' dir='ltr'><strong>volentiam,</strong></span> <span class='ocrx_word' id='word_1_20' title='bbox 578 1093 639 1135; x_wconf 83' lang='lat' dir='ltr'><strong>nec</strong></span> <span class='ocrx_word' id='word_1_21' title='bbox 652 1070 715 1134; x_wconf 86' lang='lat' dir='ltr'><strong>hoc</strong></span> <span class='ocrx_word' id='word_1_22' title='bbox 728 1090 874 1155; x_wconf 62' lang='lat' dir='ltr'><strong>[mesura</strong></span> <span class='ocrx_word' id='word_1_23' title='bbox 888 1067 1011 1136; x_wconf 84' lang='lat' dir='ltr'><strong>sinebat</strong></span> 
     </span>
     <span class='ocr_line' id='line_1_6' title="bbox 320 1191 994 1281; baseline -0.003 -25"><span class='ocrx_word' id='word_1_24' title='bbox 320 1191 485 1258; x_wconf 86' lang='lat' dir='ltr'><strong>Flaventes</strong></span> <span class='ocrx_word' id='word_1_25' title='bbox 499 1192 610 1258; x_wconf 86' lang='lat' dir='ltr'><strong>habuit</strong></span> <span class='ocrx_word' id='word_1_26' title='bbox 621 1192 792 1281; x_wconf 78' lang='lat' dir='ltr'><strong>quamlibet</strong></span> <span class='ocrx_word' id='word_1_27' title='bbox 805 1191 856 1257; x_wconf 87' lang='lat' dir='ltr'><strong>ille</strong></span> <span class='ocrx_word' id='word_1_28' title='bbox 871 1210 994 1256; x_wconf 78' lang='lat' dir='ltr'><strong>comas:</strong></span> 
     </span>
     <span class='ocr_line' id='line_1_7' title="bbox 235 1312 1030 1409; baseline -0.003 -29"><span class='ocrx_word' id='word_1_29' title='bbox 235 1313 329 1401; x_wconf 83' lang='lat' dir='ltr'><strong>Soepe</strong></span> <span class='ocrx_word' id='word_1_30' title='bbox 342 1315 426 1409; x_wconf 79' lang='lat' dir='ltr'><strong>illurn</strong></span> <span class='ocrx_word' id='word_1_31' title='bbox 441 1316 529 1393; x_wconf 87' lang='lat' dir='ltr'><strong>fovit,</strong></span> <span class='ocrx_word' id='word_1_32' title='bbox 544 1316 664 1402; x_wconf 84' lang='lat' dir='ltr'><strong>spernit</strong></span> <span class='ocrx_word' id='word_1_33' title='bbox 674 1328 781 1384; x_wconf 84' lang='lat' dir='ltr'><strong>temen</strong></span> <span class='ocrx_word' id='word_1_34' title='bbox 794 1314 847 1380; x_wconf 94' lang='lat' dir='ltr'><strong>illa</strong></span> <span class='ocrx_word' id='word_1_35' title='bbox 860 1312 1030 1392; x_wconf 82' lang='lat' dir='ltr'><strong>foventem,</strong></span> 
     </span>
     <span class='ocr_line' id='line_1_8' title="bbox 324 1436 1054 1525; baseline -0.003 -24"><span class='ocrx_word' id='word_1_36' title='bbox 324 1436 393 1502; x_wconf 92' lang='lat' dir='ltr'><strong>Nec</strong></span> <span class='ocrx_word' id='word_1_37' title='bbox 408 1436 490 1502; x_wconf 90' lang='lat' dir='ltr'><strong>binis</strong></span> <span class='ocrx_word' id='word_1_38' title='bbox 505 1449 630 1525; x_wconf 85' lang='lat' dir='ltr'><strong>reputet</strong></span> <span class='ocrx_word' id='word_1_39' title='bbox 643 1438 801 1506; x_wconf 79' lang='lat' dir='ltr'>vermibus</span> <span class='ocrx_word' id='word_1_40' title='bbox 815 1457 914 1524; x_wconf 85' lang='lat' dir='ltr'><strong>usque</strong></span> <span class='ocrx_word' id='word_1_41' title='bbox 926 1453 1054 1523; x_wconf 77' lang='lat' dir='ltr'><strong>parem:</strong></span> 
     </span>
     <span class='ocr_line' id='line_1_9' title="bbox 237 1545 1041 1643; baseline -0.002 -21"><span class='ocrx_word' id='word_1_42' title='bbox 237 1555 368 1643; x_wconf 80' lang='lat' dir='ltr'>Quippe</span> <span class='ocrx_word' id='word_1_43' title='bbox 381 1558 446 1642; x_wconf 64' lang='lat' dir='ltr'><strong>fuit,</strong></span> <span class='ocrx_word' id='word_1_44' title='bbox 454 1559 590 1625; x_wconf 89' lang='lat' dir='ltr'><strong>nimium</strong></span> <span class='ocrx_word' id='word_1_45' title='bbox 605 1545 695 1626; x_wconf 80' lang='lat' dir='ltr'><strong>curto</strong></span> <span class='ocrx_word' id='word_1_46' title='bbox 710 1563 745 1624; x_wconf 91' lang='lat' dir='ltr'><strong>in</strong></span> <span class='ocrx_word' id='word_1_47' title='bbox 758 1558 913 1625; x_wconf 80' lang='lat' dir='ltr'><strong>velamine</strong></span> <span class='ocrx_word' id='word_1_48' title='bbox 927 1557 1041 1642; x_wconf 81' lang='lat' dir='ltr'><strong>turpis,</strong></span> 
     </span>
     <span class='ocr_line' id='line_1_10' title="bbox 322 1675 1002 1767; baseline -0.004 -22"><span class='ocrx_word' id='word_1_49' title='bbox 322 1675 570 1767; x_wconf 84' lang='lat' dir='ltr'><strong>AEquabantque</strong></span> <span class='ocrx_word' id='word_1_50' title='bbox 584 1680 663 1748; x_wconf 81' lang='lat' dir='ltr'><strong>duas</strong></span> <span class='ocrx_word' id='word_1_51' title='bbox 677 1703 770 1747; x_wconf 83' lang='lat' dir='ltr'><strong>crura</strong></span> <span class='ocrx_word' id='word_1_52' title='bbox 785 1682 892 1767; x_wconf 87' lang='lat' dir='ltr'><strong>rigore</strong></span> <span class='ocrx_word' id='word_1_53' title='bbox 906 1677 1002 1744; x_wconf 85' lang='lat' dir='ltr'><strong>eolus.</strong></span> 
     </span>
    </p>
   </div>
   <div class='ocr_carea' id='block_1_4' title="bbox 238 1919 1213 2983">
    <p class='ocr_par' dir='ltr' id='par_1_4' title="bbox 238 1919 1213 2983">
     <span class='ocr_line' id='line_1_11' title="bbox 701 1919 750 1986; baseline 0.041 -2"><span class='ocrx_word' id='word_1_54' title='bbox 701 1919 750 1986; x_wconf 60' lang='lat' dir='ltr'><strong>&#39;Vs</strong></span> 
     </span>
     <span class='ocr_line' id='line_1_12' title="bbox 240 2038 1213 2128; baseline -0.002 -22"><span class='ocrx_word' id='word_1_55' title='bbox 240 2039 379 2106; x_wconf 82' lang='lat' dir='ltr'><strong>Venerat</strong></span> <span class='ocrx_word' id='word_1_56' title='bbox 393 2040 456 2106; x_wconf 89' lang='lat' dir='ltr'><strong>hnc</strong></span> <span class='ocrx_word' id='word_1_57' title='bbox 469 2040 582 2107; x_wconf 85' lang='lat' dir='ltr'><strong>fidium</strong></span> <span class='ocrx_word' id='word_1_58' title='bbox 601 2042 679 2106; x_wconf 85' lang='lat' dir='ltr'><strong>Tam</strong></span> <span class='ocrx_word' id='word_1_59' title='bbox 695 2041 819 2121; x_wconf 77' lang='lat' dir='ltr'><strong>Lutter,</strong></span> <span class='ocrx_word' id='word_1_60' title='bbox 833 2042 867 2105; x_wconf 91' lang='lat' dir='ltr'><strong>in</strong></span> <span class='ocrx_word' id='word_1_61' title='bbox 879 2048 946 2108; x_wconf 81' lang='lat' dir='ltr'><strong>a&#39;rte</strong></span> <span class='ocrx_word' id='word_1_62' title='bbox 959 2038 1121 2128; x_wconf 67' lang='lat' dir='ltr'><strong>magister,</strong></span> <span class='ocrx_word' id='word_1_63' title='bbox 1212 2051 1213 2056; x_wconf 77' lang='grc'>’</span> 
     </span>
     <span class='ocr_line' id='line_1_13' title="bbox 327 2157 1119 2252; baseline -0.001 -25"><span class='ocrx_word' id='word_1_64' title='bbox 327 2163 404 2228; x_wconf 88' lang='lat' dir='ltr'><strong>Heu</strong></span> <span class='ocrx_word' id='word_1_65' title='bbox 418 2164 525 2230; x_wconf 90' lang='lat' dir='ltr'><strong>bonel</strong></span> <span class='ocrx_word' id='word_1_66' title='bbox 549 2162 644 2251; x_wconf 78' lang='lat' dir='ltr'><strong>qudm</strong></span> <span class='ocrx_word' id='word_1_67' title='bbox 658 2165 762 2251; x_wconf 87' lang='lat' dir='ltr'><strong>potuit</strong></span> <span class='ocrx_word' id='word_1_68' title='bbox 776 2175 907 2252; x_wconf 87' lang='lat' dir='ltr'><strong>tangere</strong></span> <span class='ocrx_word' id='word_1_69' title='bbox 921 2161 981 2228; x_wconf 69' lang='lat' dir='ltr'><strong>rite</strong></span> <span class='ocrx_word' id='word_1_70' title='bbox 994 2162 1098 2249; x_wconf 79' lang='lat' dir='ltr'><strong>lyram</strong></span> <span class='ocrx_word' id='word_1_71' title='bbox 1110 2157 1119 2226; x_wconf 91' lang='lat' dir='ltr'><strong>l</strong></span> 
     </span>
     <span class='ocr_line' id='line_1_14' title="bbox 241 2282 1121 2374; baseline 0.005 -26"><span class='ocrx_word' id='word_1_72' title='bbox 241 2282 324 2350; x_wconf 86' lang='lat' dir='ltr'><strong>Tarn</strong></span> <span class='ocrx_word' id='word_1_73' title='bbox 339 2285 443 2350; x_wconf 86' lang='lat' dir='ltr'><strong>nervis</strong></span> <span class='ocrx_word' id='word_1_74' title='bbox 457 2298 680 2374; x_wconf 76' lang='lat' dir='ltr'><strong>argutus·erst;</strong></span> <span class='ocrx_word' id='word_1_75' title='bbox 695 2299 762 2351; x_wconf 89' lang='lat' dir='ltr'><strong>tam</strong></span> <span class='ocrx_word' id='word_1_76' title='bbox 776 2307 854 2351; x_wconf 84' lang='lat' dir='ltr'><strong>vooe</strong></span> <span class='ocrx_word' id='word_1_77' title='bbox 867 2305 1014 2362; x_wconf 75' lang='lat' dir='ltr'><strong>emerus,</strong></span> <span class='ocrx_word' id='word_1_78' title='bbox 1116 2314 1121 2328; x_wconf 93' lang='lat'><strong>·</strong></span> 
     </span>
     <span class='ocr_line' id='line_1_15' title="bbox 332 2405 989 2493; baseline 0.002 -24"><span class='ocrx_word' id='word_1_79' title='bbox 332 2405 447 2471; x_wconf 83' lang='lat' dir='ltr'><strong>Tousia</strong></span> <span class='ocrx_word' id='word_1_80' title='bbox 461 2405 541 2472; x_wconf 68' lang='lat' dir='ltr'><strong>dum¹</strong></span> <span class='ocrx_word' id='word_1_81' title='bbox 553 2407 639 2472; x_wconf 88' lang='lat' dir='ltr'><strong>dulei</strong></span> <span class='ocrx_word' id='word_1_82' title='bbox 652 2408 735 2472; x_wconf 80' lang='lat' dir='ltr'><strong>victu</strong></span> <span class='ocrx_word' id='word_1_83' title='bbox 748 2418 877 2493; x_wconf 83' lang='lat' dir='ltr'><strong>stupore</strong></span> <span class='ocrx_word' id='word_1_84' title='bbox 885 2406 989 2492; x_wconf 81' lang='lat' dir='ltr'><strong>jacet:</strong></span> 
     </span>
     <span class='ocr_line' id='line_1_16' title="bbox 242 2524 1075 2616; baseline -0.002 -25"><span class='ocrx_word' id='word_1_85' title='bbox 242 2524 316 2613; x_wconf 88' lang='lat' dir='ltr'><strong>Ipse</strong></span> <span class='ocrx_word' id='word_1_86' title='bbox 329 2549 426 2592; x_wconf 86' lang='lat' dir='ltr'><strong>senex</strong></span> <span class='ocrx_word' id='word_1_87' title='bbox 442 2529 603 2614; x_wconf 68' lang='lat' dir='ltr'><strong>Liglffirot</strong></span> <span class='ocrx_word' id='word_1_88' title='bbox 617 2551 774 2616; x_wconf 78' lang='lat' dir='ltr'><strong>rugasque</strong></span> <span class='ocrx_word' id='word_1_89' title='bbox 787 2528 902 2592; x_wconf 88' lang='lat' dir='ltr'><strong>oblitus</strong></span> <span class='ocrx_word' id='word_1_90' title='bbox 917 2537 949 2590; x_wconf 88' lang='lat' dir='ltr'><strong>et</strong></span> <span class='ocrx_word' id='word_1_91' title='bbox 962 2545 1075 2600; x_wconf 78' lang='lat' dir='ltr'><strong>annos,</strong></span> 
     </span>
     <span class='ocr_line' id='line_1_17' title="bbox 331 2645 987 2735; baseline 0.003 -25"><span class='ocrx_word' id='word_1_92' title='bbox 331 2645 493 2712; x_wconf 68' lang='lat' dir='ltr'><strong>Gallorum</strong></span> <span class='ocrx_word' id='word_1_93' title='bbox 507 2648 613 2735; x_wconf 84' lang='lat' dir='ltr'><strong>lepida</strong></span> <span class='ocrx_word' id='word_1_94' title='bbox 627 2649 767 2716; x_wconf 88' lang='lat' dir='ltr'><strong>reddidit</strong></span> <span class='ocrx_word' id='word_1_95' title='bbox 781 2659 848 2714; x_wconf 84' lang='lat' dir='ltr'><strong>arte</strong></span> <span class='ocrx_word' id='word_1_96' title='bbox 863 2645 987 2724; x_wconf 88' lang='lat' dir='ltr'><strong>modos,</strong></span> 
     </span>
     <span class='ocr_line' id='line_1_18' title="bbox 238 2768 953 2857; baseline -0.006 -21"><span class='ocrx_word' id='word_1_97' title='bbox 238 2768 465 2857; x_wconf 86' lang='lat' dir='ltr'><strong>Jueundosque</strong></span> <span class='ocrx_word' id='word_1_98' title='bbox 479 2771 537 2838; x_wconf 83' lang='lat' dir='ltr'><strong>viri</strong></span> <span class='ocrx_word' id='word_1_99' title='bbox 552 2793 655 2838; x_wconf 89' lang='lat' dir='ltr'><strong>mores</strong></span> <span class='ocrx_word' id='word_1_100' title='bbox 669 2773 810 2838; x_wconf 85' lang='lat' dir='ltr'><strong>imitatus</strong></span> <span class='ocrx_word' id='word_1_101' title='bbox 824 2769 953 2848; x_wconf 88' lang='lat' dir='ltr'><strong>amoeni,</strong></span> 
     </span>
     <span class='ocr_line' id='line_1_19' title="bbox 329 2890 981 2983; baseline -0.006 -24"><span class='ocrx_word' id='word_1_102' title='bbox 329 2891 506 2960; x_wconf 88' lang='lat' dir='ltr'><strong>Mimorum</strong></span> <span class='ocrx_word' id='word_1_103' title='bbox 520 2895 615 2983; x_wconf 88' lang='lat' dir='ltr'><strong>gestit</strong></span> <span class='ocrx_word' id='word_1_104' title='bbox 628 2895 749 2980; x_wconf 88' lang='lat' dir='ltr'><strong>primus</strong></span> <span class='ocrx_word' id='word_1_105' title='bbox 762 2894 844 2959; x_wconf 91' lang='lat' dir='ltr'><strong>inire</strong></span> <span class='ocrx_word' id='word_1_106' title='bbox 857 2890 981 2958; x_wconf 73' lang='lat' dir='ltr'><strong>choros</strong></span> 
     </span>
    </p>
   </div>
   <div class='ocr_carea' id='block_1_5' title="bbox 243 3131 1219 4199">
    <p class='ocr_par' dir='ltr' id='par_1_5' title="bbox 243 3131 1219 4199">
     <span class='ocr_line' id='line_1_20' title="bbox 705 3131 774 3199; baseline 0.014 -2"><span class='ocrx_word' id='word_1_107' title='bbox 705 3131 774 3199; x_wconf 72' lang='lat' dir='ltr'><strong>vt·</strong></span> 
     </span>
     <span class='ocr_line' id='line_1_21' title="bbox 243 3252 1025 3341; baseline 0 -20"><span class='ocrx_word' id='word_1_108' title='bbox 243 3253 378 3321; x_wconf 75' lang='lat' dir='ltr'><strong>Steiuieu</strong></span> <span class='ocrx_word' id='word_1_109' title='bbox 392 3252 569 3341; x_wconf 82' lang='lat' dir='ltr'><strong>ingreditur</strong></span> <span class='ocrx_word' id='word_1_110' title='bbox 583 3255 676 3320; x_wconf 81' lang='lat' dir='ltr'><strong>variis</strong></span> <span class='ocrx_word' id='word_1_111' title='bbox 690 3255 874 3320; x_wconf 76' lang='lat' dir='ltr'><strong>saltantibus</strong></span> <span class='ocrx_word' id='word_1_112' title='bbox 887 3276 972 3336; x_wconf 84' lang='lat' dir='ltr'><strong>acer,</strong></span> <span class='ocrx_word' id='word_1_113' title='bbox 1023 3263 1025 3268; x_wconf 85' lang='lat'>&#39;</span> 
     </span>
     <span class='ocr_line' id='line_1_22' title="bbox 333 3375 973 3463; baseline 0 -23"><span class='ocrx_word' id='word_1_114' title='bbox 333 3375 388 3440; x_wconf 89' lang='lat' dir='ltr'><strong>Nil</strong></span> <span class='ocrx_word' id='word_1_115' title='bbox 401 3376 505 3462; x_wconf 86' lang='lat' dir='ltr'><strong>potuit</strong></span> <span class='ocrx_word' id='word_1_116' title='bbox 520 3376 633 3441; x_wconf 89' lang='lat' dir='ltr'><strong>celeres</strong></span> <span class='ocrx_word' id='word_1_117' title='bbox 647 3376 845 3443; x_wconf 76' lang='lat' dir='ltr'><strong>ilitinhibare</strong></span> <span class='ocrx_word' id='word_1_118' title='bbox 859 3375 973 3463; x_wconf 77' lang='lat' dir='ltr'><strong>pedes:</strong></span> 
     </span>
     <span class='ocr_line' id='line_1_23' title="bbox 247 3496 1219 3588; baseline 0.003 -27"><span class='ocrx_word' id='word_1_119' title='bbox 247 3496 415 3562; x_wconf 83' lang='lat' dir='ltr'><strong>Gressibus</strong></span> <span class='ocrx_word' id='word_1_120' title='bbox 429 3507 460 3562; x_wconf 87' lang='lat' dir='ltr'><strong>et</strong></span> <span class='ocrx_word' id='word_1_121' title='bbox 474 3497 630 3586; x_wconf 66' lang='lat' dir='ltr'><strong>Plaitfirot</strong></span> <span class='ocrx_word' id='word_1_122' title='bbox 643 3499 750 3578; x_wconf 87' lang='lat' dir='ltr'><strong>curtis,</strong></span> <span class='ocrx_word' id='word_1_123' title='bbox 764 3499 916 3588; x_wconf 82' lang='lat' dir='ltr'><strong>agilisque</strong></span> <span class='ocrx_word' id='word_1_124' title='bbox 929 3497 1088 3578; x_wconf 75' lang='lat' dir='ltr'><strong>movebat,</strong></span> <span class='ocrx_word' id='word_1_125' title='bbox 1215 3505 1219 3512; x_wconf 86' lang='lat'>&#39;</span> 
     </span>
     <span class='ocr_line' id='line_1_24' title="bbox 332 3619 965 3709; baseline 0.003 -25"><span class='ocrx_word' id='word_1_126' title='bbox 332 3619 459 3684; x_wconf 84' lang='lat' dir='ltr'><strong>Mausei</strong></span> <span class='ocrx_word' id='word_1_127' title='bbox 471 3621 624 3706; x_wconf 80' lang='lat' dir='ltr'><strong>cupiense</strong></span> <span class='ocrx_word' id='word_1_128' title='bbox 638 3641 730 3707; x_wconf 84' lang='lat' dir='ltr'><strong>posse</strong></span> <span class='ocrx_word' id='word_1_129' title='bbox 742 3621 867 3709; x_wconf 86' lang='lat' dir='ltr'><strong>placere</strong></span> <span class='ocrx_word' id='word_1_130' title='bbox 881 3643 946 3686; x_wconf 79' lang='lat' dir='ltr'><strong>suae</strong></span> <span class='ocrx_word' id='word_1_131' title='bbox 954 3647 965 3699; x_wconf 65' lang='grc' dir='ltr'><strong>ς</strong></span> 
     </span>
     <span class='ocr_line' id='line_1_25' title="bbox 249 3732 948 3830; baseline 0.007 -27"><span class='ocrx_word' id='word_1_132' title='bbox 249 3737 338 3805; x_wconf 88' lang='lat' dir='ltr'><strong>Inter</strong></span> <span class='ocrx_word' id='word_1_133' title='bbox 352 3740 529 3806; x_wconf 78' lang='lat' dir='ltr'><strong>saltandum</strong></span> <span class='ocrx_word' id='word_1_134' title='bbox 540 3732 629 3822; x_wconf 77' lang='lat' dir='ltr'><strong>uero,</strong></span> <span class='ocrx_word' id='word_1_135' title='bbox 645 3743 799 3830; x_wconf 85' lang='lat' dir='ltr'><strong>collapsus</strong></span> <span class='ocrx_word' id='word_1_136' title='bbox 813 3744 847 3807; x_wconf 90' lang='lat' dir='ltr'><strong>in</strong></span> <span class='ocrx_word' id='word_1_137' title='bbox 862 3756 948 3809; x_wconf 84' lang='lat' dir='ltr'><strong>artus</strong></span> 
     </span>
     <span class='ocr_line' id='line_1_26' title="bbox 319 3861 1098 3951; baseline 0.004 -24"><span class='ocrx_word' id='word_1_138' title='bbox 319 3885 321 3892; x_wconf 63' lang='lat'><strong><em>¹</em></strong></span> <span class='ocrx_word' id='word_1_139' title='bbox 338 3861 473 3951; x_wconf 85' lang='lat' dir='ltr'><strong>Surgere</strong></span> <span class='ocrx_word' id='word_1_140' title='bbox 487 3864 563 3928; x_wconf 92' lang='lat' dir='ltr'><strong>dum</strong></span> <span class='ocrx_word' id='word_1_141' title='bbox 578 3875 691 3945; x_wconf 81' lang='lat' dir='ltr'><strong>tentat,</strong></span> <span class='ocrx_word' id='word_1_142' title='bbox 706 3866 769 3930; x_wconf 85' lang='lat' dir='ltr'><strong>heu</strong></span> <span class='ocrx_word' id='word_1_143' title='bbox 783 3864 865 3930; x_wconf 72' lang='lat' dir='ltr'><strong>meld</strong></span> <span class='ocrx_word' id='word_1_144' title='bbox 879 3886 1003 3951; x_wconf 85' lang='lat' dir='ltr'><strong>pressus</strong></span> <span class='ocrx_word' id='word_1_145' title='bbox 1017 3873 1098 3942; x_wconf 60' lang='lat' dir='ltr'><strong>dat,</strong></span> 
     </span>
     <span class='ocr_line' id='line_1_27' title="bbox 251 3981 1203 4076; baseline 0.004 -27"><span class='ocrx_word' id='word_1_146' title='bbox 251 3982 526 4072; x_wconf 83' lang='lat' dir='ltr'><strong>Raucieonamque</strong></span> <span class='ocrx_word' id='word_1_147' title='bbox 540 3987 636 4053; x_wconf 89' lang='lat' dir='ltr'><strong>edens</strong></span> <span class='ocrx_word' id='word_1_148' title='bbox 651 3989 761 4054; x_wconf 88' lang='lat' dir='ltr'><strong>tussim</strong></span> <span class='ocrx_word' id='word_1_149' title='bbox 775 3981 932 4076; x_wconf 80' lang='lat' dir='ltr'><strong>suprdque</strong></span> <span class='ocrx_word' id='word_1_150' title='bbox 941 4000 978 4072; x_wconf 77' lang='lat' dir='ltr'><strong>et</strong></span> <span class='ocrx_word' id='word_1_151' title='bbox 992 3987 1033 4053; x_wconf 84' lang='lat' dir='ltr'><strong>ab</strong></span> <span class='ocrx_word' id='word_1_152' title='bbox 1046 3982 1129 4053; x_wconf 72' lang='lat' dir='ltr'><strong>inl&#39;rd</strong></span> <span class='ocrx_word' id='word_1_153' title='bbox 1201 4068 1203 4072; x_wconf 17' lang='grc' dir='ltr'><strong><em>ι</em></strong></span> 
     </span>
     <span class='ocr_line' id='line_1_28' title="bbox 338 4104 950 4199; baseline 0.007 -27"><span class='ocrx_word' id='word_1_154' title='bbox 338 4104 488 4174; x_wconf 86' lang='lat' dir='ltr'><strong>Convivis</strong></span> <span class='ocrx_word' id='word_1_155' title='bbox 501 4107 586 4177; x_wconf 71' lang='lat' dir='ltr'><strong>certe</strong></span> <span class='ocrx_word' id='word_1_156' title='bbox 599 4111 685 4199; x_wconf 83' lang='lat' dir='ltr'><strong>turpi</strong></span> <span class='ocrx_word' id='word_1_157' title='bbox 699 4110 734 4177; x_wconf 89' lang='lat' dir='ltr'><strong>in</strong></span> <span class='ocrx_word' id='word_1_158' title='bbox 748 4109 870 4178; x_wconf 87' lang='lat' dir='ltr'><strong>honore</strong></span> <span class='ocrx_word' id='word_1_159' title='bbox 882 4108 950 4178; x_wconf 81' lang='lat' dir='ltr'><strong>fult.</strong></span> 
     </span>
    </p>
   </div>
   <div class='ocr_carea' id='block_1_6' title="bbox 0 0 1543 4964">
    <p class='ocr_par' dir='ltr' id='par_1_6' title="bbox 0 0 1543 4964">
     <span class='ocr_line' id='line_1_29' title="bbox 0 0 1543 4964; baseline 0 0"><span class='ocrx_word' id='word_1_160' title='bbox 0 0 1543 4964; x_wconf 95' lang='lat' dir='ltr'><strong> </strong></span> 
     </span>
    </p>
   </div>
  </div>
 </body>
</html>
