3024 4962
382 628 565 696 SCRIBAE
588 631 844 699 PRAETORIO
867 631 1151 702 CONVENTUS
1178 635 1368 704 GYMNA-

593 767 601 794 ⁸
677 755 798 821 STICI
814 754 1075 836 EDINENSIS‚

856 878 889 944 S.

383 1001 564 1121 Portam,
580 1043 628 1106 vir
642 1041 775 1121 erudite,
788 1042 907 1107 summi
920 1066 992 1108 cum
1004 1043 1170 1130 voluptate,
1188 1044 1368 1112 Fasciculus

381 1163 462 1228 duos
476 1186 554 1250 quos
568 1163 692 1230 edidisti
709 1165 884 1228 Carminum
899 1166 1069 1228 Rariomm
1085 1165 1368 1232 Macarom'cemm.

382 1284 449 1360 Nil,
470 1306 521 1350 me
544 1285 663 1371 judice,
682 1285 716 1349 in
731 1285 823 1349 rebus
838 1285 993 1365 humanis,
1010 1285 1138 1350 solitove
1152 1287 1225 1351 vitae
1239 1309 1370 1353 consor-

381 1405 427 1471 tio
436 1405 619 1491 jucundius,
634 1429 675 1470 ne
689 1405 793 1472 dicam
808 1406 925 1485 utilius,
940 1403 1035 1494 qudm
1049 1405 1153 1472 studia
1165 1408 1324 1494 graviora,
1336 1419 1371 1476 et

379 1549 417 1592 ea
431 1547 563 1592 munera
575 1528 609 1592 in
621 1527 734 1615 quibus
748 1525 807 1592 rite
818 1527 985 1616 fungendis
996 1526 1133 1592 hominis
1142 1527 1234 1612 probi
1245 1541 1370 1596 constat

381 1648 530 1724 officium,
553 1649 635 1735 jocis
659 1649 818 1714 interdum
843 1648 953 1726 lenire,
968 1661 1000 1714 et
1012 1648 1107 1714 boras
1120 1669 1236 1734 paucas
1261 1652 1372 1718 subse·

381 1771 474 1848 cives,
491 1781 547 1836 aut
559 1769 651 1836 hilari
665 1784 697 1837 et
711 1771 821 1836 festivo
830 1770 1001 1846 consortio,
1010 1783 1064 1836 aut
1072 1772 1158 1859 genii
1171 1772 1284 1838 ludicri
1298 1795 1369 1840 mo-

379 1893 449 1960 dict
464 1894 660 1982 indulgentia
675 1892 861 1960 demulcere.
892 1890 999 1969 Quam
1012 1893 1075 1958 sint
1085 1894 1184 1973 utilia,
1198 1896 1297 1962 immo
1312 1919 1371 1962 ne·

379 2015 512 2082 cessaria
525 2015 705 2099 hujusmodi
726 2014 965 2090 oblectamenta,
979 2014 1110 2100 ipsemet
1124 2037 1193 2080 sum
1208 2027 1370 2101 expertus,

380 2136 436 2222 qui
450 2157 509 2200 nec
522 2136 629 2219 paucis
643 2157 703 2202 uec
717 2135 835 2200 levibus
848 2133 1017 2220 implicitus
1032 2134 1178 2222 negotiis,
1193 2134 1228 2198 ni
1241 2135 1367 2220 pauxil-

380 2258 446 2322 lum
461 2256 611 2341 temporis
625 2257 780 2343 surripere
804 2256 940 2322 licuisset
960 2255 1002 2320 ad
1016 2255 1097 2320 vires
1112 2255 1210 2318 animi
1224 2255 1371 2322 reficien-

379 2378 447 2456 das,
463 2399 592 2463 prorsus
607 2377 851 2446 succumberem.
896 2375 1113 2453 Quamobrem
1128 2397 1187 2442 nec
1200 2399 1252 2442 me
1266 2378 1369 2463 poeni-

377 2511 423 2566 tet
434 2499 646 2579 omnino„nec
656 2499 766 2586 pudet,
779 2499 878 2564 animi
891 2497 995 2574 causd,
1009 2517 1144 2564 necnon
1160 2509 1195 2564 ut
1209 2512 1284 2565 voto
1298 2511 1369 2580 tuo,

379 2621 427 2686 vir
442 2621 575 2699 erudite,
601 2620 800 2706 obsequerer,
824 2619 1012 2684 cantilenam
1029 2617 1150 2684 hancce
1163 2619 1324 2706 antiquam
1335 2621 1371 2698 l,

379 2741 566 2827 opusculum
580 2764 637 2808 suo
651 2763 766 2828 genere
780 2739 873 2826 plane
887 2739 1059 2828 egregium,
1069 2746 1072 2752 '
1083 2761 1173 2806 versu
1187 2738 1316 2817 Latino,
1331 2754 1370 2808 ut

377 2863 515 2949 cupiisti,
528 2873 559 2928 et
573 2863 704 2926 metrico
719 2860 846 2948 rythmo
859 2861 1004 2926 vestiisse.
1028 2862 1064 2928 Si
1078 2862 1147 2938 tibi,
1157 2862 1267 2949 tuique
1280 2863 1369 2928 simi-

378 2983 473 3061 libus,
499 2981 574 3046 viris
596 2981 743 3062 cordatis,
765 2982 941 3068 placuerint
954 2981 989 3046 hi
1003 3005 1120 3058 versus,
1135 2983 1212 3069 quid
1226 2961 1371 3052 dehisce

377 3106 471 3194 nugis
484 3116 610 3170 censeat
623 3126 783 3170 morosum
798 3115 829 3170 et
843 3104 991 3190 vapidum
1005 3125 1105 3194 geum
1118 3105 1295 3184 hominum,
1311 3109 1371 3194 qui

375 3228 423 3292 nil
447 3228 573 3313 sapiunt
597 3225 790 3305 facetiarum,
810 3248 876 3291 non
892 3223 1024 3292 multum
1039 3226 1195 3294 morabor.
1241 3227 1321 3294 Vale
1335 3242 1371 3296 et

370 3347 483 3415 ‘laetare
492 3359 519 3432 †.
608 3421 611 3433 Χ

411 3617 429 3651 *
440 3619 501 3674 The
512 3617 586 3674 ere
595 3619 626 3672 ot
634 3620 862 3693 Auchtermuchty.

410 3721 430 3794 †
443 3724 487 3778 Aa
499 3725 619 3779 attentius
635 3727 734 3796 perusal
745 3727 776 3780 of
784 3727 833 3781 thia
845 3727 945 3798 elegant
955 3727 1029 3781 letter
1040 3725 1061 3780 is
1071 3726 1368 3796 cunedyr'eoomman·

374 3831 424 3883 ded
435 3840 463 3883 to
478 3829 550 3882 those
561 3829 668 3884 medical
687 3831 858 3901 practitionera
870 3833 930 3886 who
947 3850 990 3888 are
1008 3831 1116 3886 anxious
1135 3843 1162 3885 to
1182 3848 1301 3901 praetre
1319 3832 1368 3888 the

374 3933 469 4000 health,
481 3936 532 3988 and
543 3946 660 4006 promote
671 3935 714 3990 the
726 3936 859 4008 happiness
871 3936 901 3991 of
911 3935 1060 3992 themselves
1072 3936 1122 3992 and
1134 3935 1228 3991 others
