3060 4964
308 547 352 620 16
610 567 978 619 PoLEMtt-ntmnntht.

263 703 266 710 Ι
300 755 456 821 Turnavit
465 753 560 820 veluti
574 775 667 819 nasus
681 753 877 832 bloodusset5
899 763 932 816 et
947 759 969 794 ‘⁸
986 751 1014 815 0
1029 753 1077 837 Illa
1087 726 1133 816 !”⁸

300 876 367 942 Ter
380 886 490 964 quater
500 876 664 954 exclamat,
680 887 712 941 et
726 873 747 939 ὃ
761 872 858 961 qudm
872 893 956 960 saepe
970 874 1110 940 neeaavit
1124 873 1133 940 l

296 965 543 1094 Disjuniumque
558 995 653 1063 omne
663 997 801 1062 evomuit
815 996 1071 1084 valddhuu'grius
1085 996 1194 1076 luduin,¹

301 1237 346 1304 Et
358 1239 468 1328 luggas
478 1240 580 1304 neoko
593 1239 770 1326 imponens,
787 1240 831 1306 sio
845 1239 985 1305 cucurrit
998 1239 1122 1317 absens,

300 1356 377 1425 Nou
392 1361 510 1426 audens
523 1362 665 1449 gimpare
680 1361 807 1438 iterum,
822 1381 864 1426 ne
877 1383 977 1426 worse
989 1361 1119 1426 tulisset

275 1526 278 1532 ,
346 1481 430 1547 Hoec
441 1481 587 1550 Neherua
600 1483 709 1545 videns
719 1479 844 1566 yellavit
853 1483 959 1565 turpia
972 1478 1081 1558 verba,

303 1602 347 1668 Et
361 1611 385 1646 “
401 1603 449 1688 ry
463 1603 495 1689 ty
511 1602 540 1666 l''
554 1601 717 1679 exclamat,
732 1621 832 1686 prope
846 1621 932 1666 nunc
947 1601 1078 1666 viatoria
1090 1601 1170 1666 lustu
1184 1610 1243 1666 est.

201 1805 205 1818 “
240 1758 244 1762 -
302 1722 371 1788 Nec
386 1722 487 1802 mord,
502 1722 672 1788 terribilem
686 1721 796 1788 fillavit
809 1721 879 1786 dira
894 1743 1059 1799 cunonem,

301 1841 462 1930 Elatisque
475 1843 580 1929 hippis
590 1865 708 1932 magno
722 1864 795 1910 oum
809 1863 971 1910 murmure
981 1842 1096 1908 fartum

303 1963 498 2051 Berytonam
512 1966 626 2043 emisit,
641 1965 737 2030 veluti
754 1967 955 2050 Monnoegga
969 1975 1131 2032 crecasset

302 2083 389 2149 Tum
403 2083 477 2149 verd
492 2083 688 2171 quaolulrunt
702 2084 818 2163 hostes,
834 2084 1039 2171 ssightamque
1053 2083 1183 2170 repente

304 2205 524 2289 Sumpserunt,
540 2205 729 2287 retrospexit
741 2203 962 2281 helimenae,
978 2219 1010 2270 et
1023 2206 1090 2290 ipse

305 2323 529 2409 Sheepheadus
542 2323 654 2388 metuit
668 2323 868 2410 sonitumque
881 2325 1040 2410 ictumque
1054 2325 1161 2389 buleti.
1273 2297 1276 2304 Ι

348 2444 446 2521 Quod
461 2445 486 2508 si
503 2443 592 2532 King
608 2442 753 2534 Spanius,
770 2445 936 2528 Philippus
950 2447 1091 2526 nomine,
1106 2457 1225 2531 septem

304 2563 405 2630 Hisce
419 2566 594 2630 consimiles
609 2564 767 2629 habuisset
781 2565 862 2630 forte
876 2587 1012 2631 canones

209 2677 219 2722 '¹
304 2685 470 2751 Batterare
479 2687 636 2763 Sinistrum,
651 2687 797 2751 Sluissam
812 2687 970 2774 dingasset
984 2690 1017 2752 in
1032 2709 1142 2753 assam.

303 2805 372 2870 Aut
386 2807 411 2869 si
423 2819 470 2869 tot
484 2827 617 2892 magnus
634 2805 804 2868 Ludouicus
818 2805 899 2870 fortd
913 2807 1048 2871 dedisset

305 2925 455 3014 Ingentes
469 2925 564 2989 fartus
579 2925 621 2990 ed
634 2925 753 2990 moenia
768 2927 989 3005 Moutulbana,

305 3045 412 3132 Ipsam
426 3046 577 3111 continud
591 3058 729 3112 townam
743 3047 902 3136 dingasaet
916 3049 948 3111 in
963 3048 1103 3136 yerdum.
1140 3090 1144 3108 .

350 3166 428 3233 Exit
445 3167 657 3257 Corngrevius
671 3191 792 3234 wraoco
806 3170 914 3234 omnia
926 3170 1055 3236 tendere
1069 3170 1190 3250 videns,

307 3296 331 3332 “
347 3287 583 3376 Consiliumque
597 3313 715 3369 meum,
734 3292 759 3355 si
775 3312 841 3357 non
856 3292 1025 3377 accipitis,''
1039 3292 1152 3377 inquit,

306 3418 329 3454 ‘⁶
344 3410 496 3475 Pulchras
511 3411 653 3476 scartabo
668 3410 772 3490 facies,
789 3423 820 3478 et
835 3435 889 3476 vos
903 3412 1086 3477 worrinbo.''

308 3531 371 3615 Sed
386 3531 497 3596 needlo
512 3552 569 3616 per
581 3547 734 3598 seustram
748 3533 932 3612 broddatus‚
945 3535 1040 3619 inque
1050 3533 1187 3625 priugtas

306 3651 417 3717 Partes
432 3651 604 3732 stobbatus,
620 3655 768 3742 grestene,
784 3655 974 3742 lookansque
988 3653 1108 3742 grivatd

305 3775 523 3857 Barleplramla
537 3774 662 3853 clamat,
678 3788 709 3842 et
724 3775 817 3858 dixit,
833 3784 857 3819 ‘⁶
873 3777 905 3842 O
917 3775 1026 3842 Deus!
1053 3776 1082 3841 Ο
1099 3774 1173 3840 God
1181 3776 1256 3839 !”-
1278 3851 1307 3880 ἢ

351 3896 440 3973 Quid
455 3897 585 3963 multis?
604 3899 657 3964 Sic
671 3897 760 3986 lraya
773 3899 844 3979 fuit,
860 3899 903 3965 sic
917 3900 1006 3988 guise
1021 3912 1147 3986 peracte
1161 3912 1219 3978 est,

308 4015 384 4094 Una
397 4040 456 4086 nec
470 4019 591 4086 interea
605 4021 724 4108 spillata
738 4034 785 4088 est
798 4022 922 4112 droppa
936 4021 1065 4089 cruoris.
