3060 4964
301 528 345 602 llt
598 547 968 598 ronnuoaurnnrurrt

293 711 578 823 Lifeguardarnque
591 732 650 798 sibi
671 739 767 798 sae'vas
780 744 872 798 vocat
885 733 1030 818 improba
1047 732 1139 802 lassas
1152 758 1165 814 ς

295 853 475 940 Muggoeam
490 854 589 941 magis
604 853 729 919 doctam
744 855 874 919 militare
888 876 1029 929 eowaeas,

294 974 338 1040 Et
352 975 478 1039 doctam
490 995 645 1059 sweepare
654 975 780 1052 flooras,
796 986 829 1039 et
842 986 978 1039 sternere
992 974 1125 1050 beddas,

293 1093 438 1180 Quaeque
449 1095 536 1158 novit
546 1094 703 1178 spinnare,
720 1105 751 1158 et
761 1094 870 1182 longas
880 1093 996 1160 ducere
1016 1095 1166 1173 thredasa

293 1216 471 1294 Nansoeam,
487 1214 585 1278 claves
593 1211 672 1279 bene
683 1236 755 1300 quae
768 1214 957 1298 keepaverat
972 1237 1092 1293 omnes,

290 1333 527 1422 Yellantenrque
535 1335 662 1410 Hellen,
676 1333 979 1421 lango-berdamque
989 1336 1189 1421 Anapellam5
1314 1357 1327 1376 ⁶

293 1453 536 1541 Fartantemque
549 1454 640 1518 simul
656 1453 788 1538 Gyllam,
802 1454 1001 1542 gleidanrque
1012 1457 1155 1520 Kataeam

289 1575 429 1664 Egregiis
443 1575 586 1640 indutam
601 1574 712 1638 blacko
727 1584 821 1658 eaput
832 1574 1067 1659 sooty·clouto;
1108 1581 1111 1589 '

289 1697 543 1782 Memmaeamque
557 1693 649 1757 simul
663 1693 810 1772 vetulam,
826 1717 899 1780 quae
912 1694 1044 1758 sciverat
1058 1695 1131 1779 apt&

289 1815 450 1880 Infantum
465 1826 586 1878 teneras
607 1810 722 1876 blande
736 1810 904 1878 oscularier
917 1835 1024 1890 arsas;

289 1935 433 2021 Quaeque
446 1935 550 1998 lanam
566 1931 695 1996 sardare
705 1931 783 1996 solet
794 1932 1039 2020 greasydiugria‘
1050 1935 1156 2021 Betty,

332 2054 419 2120 Tum
433 2056 560 2118 demum
575 2051 747 2138 hungraeos
761 2063 884 2116 ventres
900 2047 1043 2116 Neberna
1057 2056 1176 2143 gruelis

222 2223 224 2226 -
290 2175 404 2253 Farsit,
421 2186 452 2239 et
462 2185 567 2261 guttas
580 2171 786 2236 rawsuinibus
800 2171 908 2257 implet
923 2175 1058 2252 amaris3

288 2295 402 2361 Postea
417 2294 604 2360 newbnrraae
619 2294 780 2380 ingentem
795 2291 882 2358 dedit
897 2296 1041 2360 omnibus
1055 2295 1219 2373 haustum,

290 2417 497 2505 Staggravere
511 2437 631 2492 omnes,
647 2413 845 2501 grandesque
859 2414 900 2477 ad
916 2415 1027 2502 sydera
1040 2417 1129 2482 ristas
1179 2429 1181 2434 '

288 2536 477 2602 Barmifumi
492 2535 650 2612 attollunt,
672 2546 703 2598 et
718 2533 813 2599 sicud
827 2536 937 2619 praelia
951 2535 1126 2602 merchant.

288 2658 357 2723 Nec
368 2656 468 2733 mord,
482 2655 658 2721 marehavit
669 2653 751 2719 foras
763 2654 861 2742 longo
876 2656 987 2720 ordine
1002 2669 1116 2733 turma,

287 2777 361 2864 Ipsa
375 2779 463 2863 prior
478 2777 624 2839 Neberna
641 2777 704 2838 auis
714 2775 1050 2852 stunt-facta·ribaldis,

290 2898 454 2962 Rustoeum
469 2895 615 2960 manibus
629 2903 754 2982 gestans
768 2895 939 2960 furibunda
952 2896 1110 2983 gulaeum:

287 3017 434 3082 Tandem
447 3015 634 3080 muckrelios
648 3026 740 3080 vocat
754 3014 795 3079 ad
809 3015 989 3100 pell-melfia
1003 3016 1136 3082 fluidos:

289 3147 314 3181 “
331 3139 391 3213 Ite,
412 3138 481 3222 (ait)
504 3136 597 3223 uglaei
612 3135 739 3213 fellows,
754 3137 780 3199 si
795 3137 865 3220 quis
874 3137 970 3202 modo
984 3137 1116 3223 posthac

285 3251 447 3323 'Muekifer
458 3256 515 3321 has
529 3270 651 3321 nostras
666 3268 766 3322 tentet
786 3277 924 3322 nauare
938 3257 1099 3334 fenestras,

284 3379 365 3444 Juro
379 3378 464 3464 qudd
479 3401 539 3465 ego
553 3379 618 3462 ejus
632 3378 763 3465 longum
778 3377 950 3444 extrahabo
964 3377 1164 3462 thrapellunr‚

288 3497 332 3565 Et
346 3512 445 3564 totam
460 3498 569 3562 rirabo
580 3497 701 3576 faciem,
717 3497 888 3586 luggasque
902 3497 1005 3585 gulaeo
1019 3496 1081 3563 hoc

288 3619 341 3686 Fn
355 3621 459 3706 capite
474 3619 602 3684 cuttabo
617 3616 718 3696 ferox,
734 3630 897 3704 totumque
913 3617 1025 3682 videbo

287 3740 546 3807 Heartbloodum
561 3741 658 3806 fluere
672 3741 707 3804 in
721 3740 866 3805 terram.''
913 3739 966 3804 Sic
979 3738 1075 3804 verba
1088 3738 1202 3804 finivit

329 3863 502 3949 Obstupuit
519 3861 650 3929 Vitaruu
665 3861 721 3926 diu
735 3860 904 3938 dirtflaida,
921 3859 975 3924 sed
989 3859 1063 3924 inde

286 3986 480 4074 Couragium
491 3984 659 4070 accipiens,
674 3981 862 4046 muekrelios
872 3980 984 4045 ordine
993 3986 1128 4048 'cunctos

286 4103 429 4172 Middini
444 4106 478 4169 in
490 4105 595 4171 medio
608 4104 719 4170 faciem
731 4116 860 4170 turnare
873 4103 986 4190 coegit.

330 4228 362 4293 O
377 4227 499 4315 qualem
511 4228 615 4313 primo
628 4227 759 4291 fleuram
772 4238 926 4315 gustasses
937 4225 971 4288 in
986 4223 1054 4308 ipso

284 4348 409 4416 Battelli
424 4347 566 4417 onsetto!
589 4361 713 4440 pugnat
726 4346 933 4415 muckcrelius
948 4345 1040 4412 heros
