<?xml version="1.0" encoding="UTF-8"?>
<!DOCTYPE html PUBLIC "-//W3C//DTD XHTML 1.0 Transitional//EN"
    "http://www.w3.org/TR/xhtml1/DTD/xhtml1-transitional.dtd">
<html xmlns="http://www.w3.org/1999/xhtml" xml:lang="en" lang="en">
 <head>
  <title>
</title>
<meta http-equiv="Content-Type" content="text/html;charset=utf-8" />
  <meta name='ocr-system' content='tesseract 3.04.00' />
  <meta name='ocr-capabilities' content='ocr_page ocr_carea ocr_par ocr_line ocrx_word'/>
</head>
<body>
  <div class='ocr_page' id='page_1' title='image "./carminumrarioru00unkngoog_0076.png"; bbox 0 0 3060 4964; ppageno 0'>
   <div class='ocr_carea' id='block_1_1' title="bbox 537 459 942 542">
    <p class='ocr_par' dir='ltr' id='par_1_1' title="bbox 537 459 942 542">
     <span class='ocr_line' id='line_1_1' title="bbox 537 459 942 542; baseline -0.005 -6"><span class='ocrx_word' id='word_1_1' title='bbox 537 487 614 538; x_wconf 72' lang='lat' dir='ltr'><strong>&#39;rna</strong></span> <span class='ocrx_word' id='word_1_2' title='bbox 633 459 810 542; x_wconf 75' lang='lat' dir='ltr'><strong>mrntnr&#39;a</strong></span> <span class='ocrx_word' id='word_1_3' title='bbox 830 481 942 534; x_wconf 82' lang='lat' dir='ltr'><strong>wrrn.</strong></span> 
     </span>
    </p>
   </div>
   <div class='ocr_carea' id='block_1_2' title="bbox 320 671 997 3172">
    <p class='ocr_par' dir='ltr' id='par_1_2' title="bbox 330 671 876 758">
     <span class='ocr_line' id='line_1_2' title="bbox 330 671 876 758; baseline -0.009 -18"><span class='ocrx_word' id='word_1_4' title='bbox 330 673 399 740; x_wconf 86' lang='lat' dir='ltr'><strong>Nec</strong></span> <span class='ocrx_word' id='word_1_5' title='bbox 410 671 524 738; x_wconf 86' lang='lat' dir='ltr'><strong>mirum</strong></span> <span class='ocrx_word' id='word_1_6' title='bbox 539 684 622 738; x_wconf 87' lang='lat' dir='ltr'><strong>certe</strong></span> <span class='ocrx_word' id='word_1_7' title='bbox 636 671 722 758; x_wconf 90' lang='lat' dir='ltr'>quod</span> <span class='ocrx_word' id='word_1_8' title='bbox 732 681 876 754; x_wconf 83' lang='lat' dir='ltr'><strong>narratu,</strong></span> 
     </span>
    </p>

    <p class='ocr_par' dir='ltr' id='par_1_3' title="bbox 331 792 771 870">
     <span class='ocr_line' id='line_1_3' title="bbox 331 792 771 870; baseline -0.011 -9"><span class='ocrx_word' id='word_1_9' title='bbox 331 793 464 861; x_wconf 86' lang='lat' dir='ltr'>Discum</span> <span class='ocrx_word' id='word_1_10' title='bbox 478 793 597 858; x_wconf 85' lang='lat' dir='ltr'><strong>invenit</strong></span> <span class='ocrx_word' id='word_1_11' title='bbox 611 792 745 857; x_wconf 84' lang='lat' dir='ltr'><strong>odoratu</strong></span> <span class='ocrx_word' id='word_1_12' title='bbox 761 820 771 870; x_wconf 80' lang='lat'>3</span> 
     </span>
    </p>

    <p class='ocr_par' dir='ltr' id='par_1_4' title="bbox 331 913 992 1002">
     <span class='ocr_line' id='line_1_4' title="bbox 331 913 992 1002; baseline -0.006 -20"><span class='ocrx_word' id='word_1_13' title='bbox 331 915 436 992; x_wconf 88' lang='lat' dir='ltr'><strong>Quem</strong></span> <span class='ocrx_word' id='word_1_14' title='bbox 446 914 584 1002; x_wconf 79' lang='lat' dir='ltr'><strong>primirm</strong></span> <span class='ocrx_word' id='word_1_15' title='bbox 598 913 697 978; x_wconf 84' lang='lat' dir='ltr'><strong>oculis</strong></span> <span class='ocrx_word' id='word_1_16' title='bbox 712 915 891 999; x_wconf 83' lang='lat' dir='ltr'><strong>inspectans</strong></span> <span class='ocrx_word' id='word_1_17' title='bbox 989 931 992 938; x_wconf 79' lang='grc'>’</span> 
     </span>
    </p>

    <p class='ocr_par' dir='ltr' id='par_1_5' title="bbox 331 1035 807 1123">
     <span class='ocr_line' id='line_1_5' title="bbox 331 1035 807 1123; baseline -0.008 -21"><span class='ocrx_word' id='word_1_18' title='bbox 331 1035 375 1102; x_wconf 85' lang='lat' dir='ltr'><strong>Et</strong></span> <span class='ocrx_word' id='word_1_19' title='bbox 389 1037 502 1122; x_wconf 82' lang='lat' dir='ltr'><strong>saepius</strong></span> <span class='ocrx_word' id='word_1_20' title='bbox 512 1035 621 1123; x_wconf 81' lang='lat' dir='ltr'><strong>digitis</strong></span> <span class='ocrx_word' id='word_1_21' title='bbox 637 1046 807 1101; x_wconf 76' lang='lat' dir='ltr'><strong>attractans</strong></span> 
     </span>
    </p>

    <p class='ocr_par' dir='ltr' id='par_1_6' title="bbox 335 1157 859 1242">
     <span class='ocr_line' id='line_1_6' title="bbox 335 1157 859 1242; baseline -0.008 -18"><span class='ocrx_word' id='word_1_22' title='bbox 335 1157 430 1224; x_wconf 85' lang='lat' dir='ltr'><strong>Tunc</strong></span> <span class='ocrx_word' id='word_1_23' title='bbox 445 1157 535 1222; x_wconf 64' lang='lat' dir='ltr'><strong>caute</strong></span> <span class='ocrx_word' id='word_1_24' title='bbox 550 1158 688 1242; x_wconf 86' lang='lat' dir='ltr'><strong>positum</strong></span> <span class='ocrx_word' id='word_1_25' title='bbox 702 1158 737 1220; x_wconf 90' lang='lat' dir='ltr'><strong>in</strong></span> <span class='ocrx_word' id='word_1_26' title='bbox 751 1177 859 1221; x_wconf 86' lang='lat' dir='ltr'><strong>mensa</strong></span> 
     </span>
    </p>

    <p class='ocr_par' dir='ltr' id='par_1_7' title="bbox 332 1277 854 1374">
     <span class='ocr_line' id='line_1_7' title="bbox 332 1277 854 1374; baseline -0.011 -30"><span class='ocrx_word' id='word_1_27' title='bbox 332 1277 504 1346; x_wconf 86' lang='lat' dir='ltr'><strong>Declarant</strong></span> <span class='ocrx_word' id='word_1_28' title='bbox 517 1279 613 1358; x_wconf 83' lang='lat' dir='ltr'><strong>unico</strong></span> <span class='ocrx_word' id='word_1_29' title='bbox 630 1299 785 1374; x_wconf 76' lang='lat' dir='ltr'><strong>eansensu</strong></span> <span class='ocrx_word' id='word_1_30' title='bbox 851 1343 854 1350; x_wconf 66' lang='grc'>,</span> 
     </span>
    </p>

    <p class='ocr_par' dir='ltr' id='par_1_8' title="bbox 334 1397 876 1496">
     <span class='ocr_line' id='line_1_8' title="bbox 334 1397 876 1496; baseline 0 -32"><span class='ocrx_word' id='word_1_31' title='bbox 334 1399 498 1465; x_wconf 87' lang='lat' dir='ltr'><strong>Meliorem</strong></span> <span class='ocrx_word' id='word_1_32' title='bbox 510 1421 673 1496; x_wconf 86' lang='lat' dir='ltr'><strong>nunquam</strong></span> <span class='ocrx_word' id='word_1_33' title='bbox 685 1399 746 1464; x_wconf 87' lang='lat' dir='ltr'><strong>hae</strong></span> <span class='ocrx_word' id='word_1_34' title='bbox 759 1397 876 1488; x_wconf 78' lang='lat' dir='ltr'><strong>gallinti</strong></span> 
     </span>
    </p>

    <p class='ocr_par' dir='ltr' id='par_1_9' title="bbox 337 1518 770 1594">
     <span class='ocr_line' id='line_1_9' title="bbox 337 1518 770 1594; baseline -0.007 -9"><span class='ocrx_word' id='word_1_35' title='bbox 337 1518 451 1586; x_wconf 83' lang='lat' dir='ltr'><strong>Abatia</strong></span> <span class='ocrx_word' id='word_1_36' title='bbox 464 1521 636 1594; x_wconf 80' lang='lat' dir='ltr'><strong>coctamin</strong></span> <span class='ocrx_word' id='word_1_37' title='bbox 650 1520 770 1587; x_wconf 87' lang='lat' dir='ltr'><strong>culina:</strong></span> 
     </span>
    </p>

    <p class='ocr_par' dir='ltr' id='par_1_10' title="bbox 337 1640 797 1730">
     <span class='ocr_line' id='line_1_10' title="bbox 337 1640 797 1730; baseline -0.004 -24"><span class='ocrx_word' id='word_1_38' title='bbox 337 1641 407 1706; x_wconf 84' lang='lat' dir='ltr'><strong>Nee</strong></span> <span class='ocrx_word' id='word_1_39' title='bbox 419 1654 527 1730; x_wconf 75' lang='lat' dir='ltr'><strong>gustas</strong></span> <span class='ocrx_word' id='word_1_40' title='bbox 540 1640 616 1706; x_wconf 80' lang='lat' dir='ltr'><strong>fallit</strong></span> <span class='ocrx_word' id='word_1_41' title='bbox 631 1641 797 1725; x_wconf 84' lang='lat' dir='ltr'><strong>opinatum</strong></span> 
     </span>
    </p>

    <p class='ocr_par' dir='ltr' id='par_1_11' title="bbox 335 1760 950 1846">
     <span class='ocr_line' id='line_1_11' title="bbox 335 1760 950 1846; baseline -0.007 -18"><span class='ocrx_word' id='word_1_42' title='bbox 335 1761 388 1828; x_wconf 84' lang='lat' dir='ltr'><strong>Sic</strong></span> <span class='ocrx_word' id='word_1_43' title='bbox 405 1761 534 1842; x_wconf 84' lang='lat' dir='ltr'><strong>tandem</strong></span> <span class='ocrx_word' id='word_1_44' title='bbox 548 1760 667 1846; x_wconf 66' lang='lat' dir='ltr'><strong>optim&amp;</strong></span> <span class='ocrx_word' id='word_1_45' title='bbox 683 1773 852 1828; x_wconf 85' lang='lat' dir='ltr'><strong>coenatum.</strong></span> <span class='ocrx_word' id='word_1_46' title='bbox 912 1811 915 1818; x_wconf 94' lang='lat'><em>.</em></span> <span class='ocrx_word' id='word_1_47' title='bbox 948 1805 950 1814; x_wconf 85' lang='lat'>·</span> 
     </span>
    </p>

    <p class='ocr_par' dir='ltr' id='par_1_12' title="bbox 320 1879 997 1969">
     <span class='ocr_line' id='line_1_12' title="bbox 320 1879 997 1969; baseline -0.003 -23"><span class='ocrx_word' id='word_1_48' title='bbox 320 1960 324 1969; x_wconf 85' lang='lat'>.</span> <span class='ocrx_word' id='word_1_49' title='bbox 380 1890 403 1924; x_wconf 86' lang='lat'><strong>“</strong></span> <span class='ocrx_word' id='word_1_50' title='bbox 418 1879 526 1956; x_wconf 73' lang='lat' dir='ltr'><strong>Quam</strong></span> <span class='ocrx_word' id='word_1_51' title='bbox 540 1881 649 1946; x_wconf 84' lang='lat' dir='ltr'><strong>vellem</strong></span> <span class='ocrx_word' id='word_1_52' title='bbox 664 1881 748 1968; x_wconf 80' lang='lat' dir='ltr'><strong>zythi</strong></span> <span class='ocrx_word' id='word_1_53' title='bbox 765 1882 840 1946; x_wconf 89' lang='lat' dir='ltr'><strong>boni</strong></span> <span class='ocrx_word' id='word_1_54' title='bbox 850 1880 997 1946; x_wconf 85' lang='lat' dir='ltr'><strong>haustum</strong></span> 
     </span>
    </p>

    <p class='ocr_par' dir='ltr' id='par_1_13' title="bbox 339 2001 950 2092">
     <span class='ocr_line' id='line_1_13' title="bbox 339 2001 950 2092; baseline 0 -23"><span class='ocrx_word' id='word_1_55' title='bbox 339 2004 502 2092; x_wconf 80' lang='lat' dir='ltr'><strong>Rogemus</strong></span> <span class='ocrx_word' id='word_1_56' title='bbox 517 2003 689 2071; x_wconf 88' lang='lat' dir='ltr'><strong>dummodo</strong></span> <span class='ocrx_word' id='word_1_57' title='bbox 704 2003 790 2089; x_wconf 91' lang='lat' dir='ltr'>quod</span> <span class='ocrx_word' id='word_1_58' title='bbox 805 2001 950 2082; x_wconf 86' lang='lat' dir='ltr'><strong>faustum,</strong></span> 
     </span>
    </p>

    <p class='ocr_par' dir='ltr' id='par_1_14' title="bbox 336 2124 854 2214">
     <span class='ocr_line' id='line_1_14' title="bbox 336 2124 854 2214; baseline -0.008 -23"><span class='ocrx_word' id='word_1_59' title='bbox 336 2125 498 2214; x_wconf 86' lang='lat' dir='ltr'><strong>(Albertus</strong></span> <span class='ocrx_word' id='word_1_60' title='bbox 513 2125 627 2212; x_wconf 89' lang='lat' dir='ltr'><strong>inquit)</strong></span> <span class='ocrx_word' id='word_1_61' title='bbox 643 2124 686 2188; x_wconf 90' lang='lat' dir='ltr'><strong>do</strong></span> <span class='ocrx_word' id='word_1_62' title='bbox 702 2124 854 2193; x_wconf 77' lang='lat' dir='ltr'><strong>instanter</strong></span> 
     </span>
    </p>

    <p class='ocr_par' dir='ltr' id='par_1_15' title="bbox 341 2244 795 2328">
     <span class='ocr_line' id='line_1_15' title="bbox 341 2244 795 2328; baseline -0.009 -16"><span class='ocrx_word' id='word_1_63' title='bbox 341 2246 485 2328; x_wconf 84' lang='lat' dir='ltr'><strong>Uxorem</strong></span> <span class='ocrx_word' id='word_1_64' title='bbox 503 2247 630 2314; x_wconf 79' lang='lat' dir='ltr'><strong>Satanae:</strong></span> <span class='ocrx_word' id='word_1_65' title='bbox 640 2244 795 2325; x_wconf 82' lang='lat' dir='ltr'><strong>lubenter,</strong></span> 
     </span>
    </p>

    <p class='ocr_par' dir='ltr' id='par_1_16' title="bbox 341 2366 856 2445">
     <span class='ocr_line' id='line_1_16' title="bbox 341 2366 856 2445; baseline -0.006 -12"><span class='ocrx_word' id='word_1_66' title='bbox 341 2366 389 2433; x_wconf 93' lang='lat' dir='ltr'><strong>Ut</strong></span> <span class='ocrx_word' id='word_1_67' title='bbox 403 2367 487 2433; x_wconf 86' lang='lat' dir='ltr'><strong>illam</strong></span> <span class='ocrx_word' id='word_1_68' title='bbox 501 2367 639 2434; x_wconf 82' lang='lat' dir='ltr'><strong>redderit</strong></span> <span class='ocrx_word' id='word_1_69' title='bbox 649 2377 856 2445; x_wconf 82' lang='lat' dir='ltr'><strong>mansuetam,</strong></span> 
     </span>
    </p>

    <p class='ocr_par' dir='ltr' id='par_1_17' title="bbox 343 2484 893 2572">
     <span class='ocr_line' id='line_1_17' title="bbox 343 2484 893 2572; baseline 0.002 -22"><span class='ocrx_word' id='word_1_70' title='bbox 343 2485 388 2550; x_wconf 94' lang='lat' dir='ltr'><strong>Ni</strong></span> <span class='ocrx_word' id='word_1_71' title='bbox 403 2486 575 2570; x_wconf 83' lang='lat' dir='ltr'><strong>suspicarer</strong></span> <span class='ocrx_word' id='word_1_72' title='bbox 589 2484 708 2551; x_wconf 85' lang='lat' dir='ltr'><strong>donum</strong></span> <span class='ocrx_word' id='word_1_73' title='bbox 723 2487 893 2572; x_wconf 61' lang='lat' dir='ltr'><strong>speetumss’</strong></span> 
     </span>
    </p>

    <p class='ocr_par' dir='ltr' id='par_1_18' title="bbox 340 2603 918 2689">
     <span class='ocr_line' id='line_1_18' title="bbox 340 2603 918 2689; baseline -0.005 -18"><span class='ocrx_word' id='word_1_74' title='bbox 340 2605 443 2684; x_wconf 83' lang='lat' dir='ltr'><strong>Alter,</strong></span> <span class='ocrx_word' id='word_1_75' title='bbox 470 2613 491 2646; x_wconf 88' lang='lat'>“</span> <span class='ocrx_word' id='word_1_76' title='bbox 509 2604 563 2668; x_wconf 93' lang='lat' dir='ltr'><strong>Nil</strong></span> <span class='ocrx_word' id='word_1_77' title='bbox 577 2603 711 2689; x_wconf 83' lang='lat' dir='ltr'><strong>amplius</strong></span> <span class='ocrx_word' id='word_1_78' title='bbox 725 2604 894 2670; x_wconf 83' lang='lat' dir='ltr'><strong>dicendum</strong></span> <span class='ocrx_word' id='word_1_79' title='bbox 916 2641 918 2646; x_wconf 92' lang='lat'>·</span> 
     </span>
    </p>

    <p class='ocr_par' dir='ltr' id='par_1_19' title="bbox 339 2725 934 2935">
     <span class='ocr_line' id='line_1_19' title="bbox 339 2725 934 2812; baseline -0.002 -21"><span class='ocrx_word' id='word_1_80' title='bbox 339 2725 437 2801; x_wconf 83' lang='lat' dir='ltr'>Quod</span> <span class='ocrx_word' id='word_1_81' title='bbox 452 2725 541 2812; x_wconf 79' lang='lat' dir='ltr'><strong>cupis</strong></span> <span class='ocrx_word' id='word_1_82' title='bbox 554 2725 657 2800; x_wconf 80' lang='lat' dir='ltr'><strong>statim</strong></span> <span class='ocrx_word' id='word_1_83' title='bbox 673 2725 934 2811; x_wconf 84' lang='lat' dir='ltr'><strong>suppetendum.”</strong></span> 
     </span>
     <span class='ocr_line' id='line_1_20' title="bbox 385 2845 928 2935; baseline 0.007 -27"><span class='ocrx_word' id='word_1_84' title='bbox 385 2845 518 2934; x_wconf 84' lang='lat' dir='ltr'><strong>Virgam</strong></span> <span class='ocrx_word' id='word_1_85' title='bbox 533 2846 685 2934; x_wconf 80' lang='lat' dir='ltr'><strong>salignam</strong></span> <span class='ocrx_word' id='word_1_86' title='bbox 701 2858 748 2912; x_wconf 85' lang='lat' dir='ltr'><strong>ter</strong></span> <span class='ocrx_word' id='word_1_87' title='bbox 763 2847 928 2935; x_wconf 86' lang='lat' dir='ltr'><strong>quassabat</strong></span> 
     </span>
    </p>

    <p class='ocr_par' dir='ltr' id='par_1_20' title="bbox 340 2965 878 3054">
     <span class='ocr_line' id='line_1_21' title="bbox 340 2965 878 3054; baseline 0 -22"><span class='ocrx_word' id='word_1_88' title='bbox 340 2966 405 3033; x_wconf 89' lang='lat' dir='ltr'><strong>Ter</strong></span> <span class='ocrx_word' id='word_1_89' title='bbox 419 2989 496 3032; x_wconf 83' lang='lat' dir='ltr'><strong>voce</strong></span> <span class='ocrx_word' id='word_1_90' title='bbox 509 2965 603 3034; x_wconf 73' lang='lat' dir='ltr'><strong>raucit</strong></span> <span class='ocrx_word' id='word_1_91' title='bbox 618 2966 743 3054; x_wconf 85' lang='lat' dir='ltr'><strong>signum</strong></span> <span class='ocrx_word' id='word_1_92' title='bbox 754 2967 849 3032; x_wconf 87' lang='lat' dir='ltr'><strong>dabat</strong></span> <span class='ocrx_word' id='word_1_93' title='bbox 858 2995 878 3046; x_wconf 67' lang='grc' dir='ltr'><strong>ς.</strong></span> 
     </span>
    </p>

    <p class='ocr_par' dir='ltr' id='par_1_21' title="bbox 341 3074 827 3172">
     <span class='ocr_line' id='line_1_22' title="bbox 341 3074 827 3172; baseline 0.004 -22"><span class='ocrx_word' id='word_1_94' title='bbox 341 3086 419 3150; x_wconf 86' lang='lat' dir='ltr'><strong>Hoc</strong></span> <span class='ocrx_word' id='word_1_95' title='bbox 433 3086 528 3164; x_wconf 85' lang='lat' dir='ltr'><strong>facto,</strong></span> <span class='ocrx_word' id='word_1_96' title='bbox 543 3088 651 3172; x_wconf 79' lang='lat' dir='ltr'><strong>gravia</strong></span> <span class='ocrx_word' id='word_1_97' title='bbox 665 3099 697 3152; x_wconf 92' lang='lat' dir='ltr'><strong>et</strong></span> <span class='ocrx_word' id='word_1_98' title='bbox 711 3074 827 3156; x_wconf 69' lang='lat' dir='ltr'><strong>decora</strong></span> 
     </span>
    </p>
   </div>
   <div class='ocr_carea' id='block_1_3' title="bbox 345 3205 824 3294">
    <p class='ocr_par' dir='ltr' id='par_1_22' title="bbox 345 3205 824 3294">
     <span class='ocr_line' id='line_1_23' title="bbox 345 3205 824 3294; baseline 0 -22"><span class='ocrx_word' id='word_1_99' title='bbox 345 3205 392 3272; x_wconf 93' lang='lat' dir='ltr'><strong>Ut</strong></span> <span class='ocrx_word' id='word_1_100' title='bbox 406 3206 593 3284; x_wconf 82' lang='lat' dir='ltr'><strong>incantator,</strong></span> <span class='ocrx_word' id='word_1_101' title='bbox 609 3206 732 3294; x_wconf 84' lang='lat' dir='ltr'><strong>fingens</strong></span> <span class='ocrx_word' id='word_1_102' title='bbox 746 3231 824 3286; x_wconf 84' lang='lat' dir='ltr'><strong>ora;</strong></span> 
     </span>
    </p>
   </div>
   <div class='ocr_carea' id='block_1_4' title="bbox 267 3326 871 4001">
    <p class='ocr_par' dir='ltr' id='par_1_23' title="bbox 267 3326 871 3898">
     <span class='ocr_line' id='line_1_24' title="bbox 267 3326 865 3412; baseline 0.013 -23"><span class='ocrx_word' id='word_1_103' title='bbox 267 3399 268 3402; x_wconf 8' lang='grc' dir='ltr'><strong>Ἴ</strong></span> <span class='ocrx_word' id='word_1_104' title='bbox 345 3336 368 3369; x_wconf 83' lang='grc'>“</span> <span class='ocrx_word' id='word_1_105' title='bbox 384 3326 558 3393; x_wconf 66' lang='lat' dir='ltr'><strong>Adrarcam</strong></span> <span class='ocrx_word' id='word_1_106' title='bbox 572 3327 809 3412; x_wconf 85' lang='lat' dir='ltr'><strong>frumentariam</strong></span> <span class='ocrx_word' id='word_1_107' title='bbox 820 3330 865 3397; x_wconf 82' lang='lat' dir='ltr'><strong>ito</strong></span> 
     </span>
     <span class='ocr_line' id='line_1_25' title="bbox 345 3447 787 3533; baseline 0.011 -20"><span class='ocrx_word' id='word_1_108' title='bbox 345 3447 513 3533; x_wconf 82' lang='lat' dir='ltr'><strong>Ampullus</strong></span> <span class='ocrx_word' id='word_1_109' title='bbox 528 3460 560 3514; x_wconf 88' lang='lat' dir='ltr'><strong>et</strong></span> <span class='ocrx_word' id='word_1_110' title='bbox 572 3449 711 3514; x_wconf 84' lang='lat' dir='ltr'><strong>invenies</strong></span> <span class='ocrx_word' id='word_1_111' title='bbox 724 3449 787 3518; x_wconf 75' lang='lat' dir='ltr'><strong>citi)</strong></span> 
     </span>
     <span class='ocr_line' id='line_1_26' title="bbox 346 3569 829 3656; baseline 0.004 -20"><span class='ocrx_word' id='word_1_112' title='bbox 346 3569 454 3644; x_wconf 87' lang='lat' dir='ltr'><strong>Binas,</strong></span> <span class='ocrx_word' id='word_1_113' title='bbox 470 3569 755 3654; x_wconf 79' lang='lat' dir='ltr'><strong>cervisitrepletas,</strong></span> <span class='ocrx_word' id='word_1_114' title='bbox 820 3649 829 3656; x_wconf 44' lang='grc'><strong>,</strong></span> 
     </span>
     <span class='ocr_line' id='line_1_27' title="bbox 345 3690 871 3780; baseline 0.01 -26"><span class='ocrx_word' id='word_1_115' title='bbox 345 3690 399 3754; x_wconf 88' lang='lat' dir='ltr'><strong>Sic</strong></span> <span class='ocrx_word' id='word_1_116' title='bbox 413 3700 526 3755; x_wconf 86' lang='lat' dir='ltr'><strong>cuncta</strong></span> <span class='ocrx_word' id='word_1_117' title='bbox 536 3701 644 3756; x_wconf 80' lang='lat' dir='ltr'><strong>teneas</strong></span> <span class='ocrx_word' id='word_1_118' title='bbox 656 3693 741 3779; x_wconf 83' lang='lat' dir='ltr'><strong>qnod</strong></span> <span class='ocrx_word' id='word_1_119' title='bbox 756 3694 871 3780; x_wconf 55' lang='lat' dir='ltr'><strong>petas?</strong></span> 
     </span>
     <span class='ocr_line' id='line_1_28' title="bbox 349 3810 787 3898; baseline 0.009 -23"><span class='ocrx_word' id='word_1_120' title='bbox 349 3810 497 3876; x_wconf 81' lang='lat' dir='ltr'><strong>Albertus</strong></span> <span class='ocrx_word' id='word_1_121' title='bbox 511 3811 585 3878; x_wconf 85' lang='lat' dir='ltr'><strong>facit</strong></span> <span class='ocrx_word' id='word_1_122' title='bbox 598 3810 646 3878; x_wconf 87' lang='lat' dir='ltr'><strong>uti</strong></span> <span class='ocrx_word' id='word_1_123' title='bbox 654 3813 787 3898; x_wconf 85' lang='lat' dir='ltr'><strong>jussum,</strong></span> 
     </span>
    </p>

    <p class='ocr_par' dir='ltr' id='par_1_24' title="bbox 349 3930 831 4001">
     <span class='ocr_line' id='line_1_29' title="bbox 349 3930 831 4001; baseline 0.01 -6"><span class='ocrx_word' id='word_1_124' title='bbox 349 3930 394 3997; x_wconf 88' lang='lat' dir='ltr'><strong>Et</strong></span> <span class='ocrx_word' id='word_1_125' title='bbox 405 3935 512 3999; x_wconf 89' lang='lat' dir='ltr'><strong>omnia</strong></span> <span class='ocrx_word' id='word_1_126' title='bbox 526 3933 607 4001; x_wconf 88' lang='lat' dir='ltr'><strong>fiunt</strong></span> <span class='ocrx_word' id='word_1_127' title='bbox 621 3934 662 3999; x_wconf 87' lang='lat' dir='ltr'><strong>ad</strong></span> <span class='ocrx_word' id='word_1_128' title='bbox 676 3935 831 4000; x_wconf 86' lang='lat' dir='ltr'><strong>amussim.</strong></span> 
     </span>
    </p>
   </div>
   <div class='ocr_carea' id='block_1_5' title="bbox 0 0 1543 4964">
    <p class='ocr_par' dir='ltr' id='par_1_25' title="bbox 0 0 1543 4964">
     <span class='ocr_line' id='line_1_30' title="bbox 0 0 1543 4964; baseline 0 0"><span class='ocrx_word' id='word_1_129' title='bbox 0 0 1543 4964; x_wconf 95' lang='lat' dir='ltr'><strong> </strong></span> 
     </span>
    </p>
   </div>
  </div>
 </body>
</html>
