3060 4964
458 505 543 563 'nun
563 490 741 565 mrunaa's
760 513 871 565 w1ra.

272 693 419 788 Digitum
431 701 596 788 nequimus
610 697 683 764 edm
698 712 846 787 spectare,

274 817 483 886 Horrendum
498 820 573 886 ioris
587 833 633 884 est
647 821 770 886 cubare.

279 937 359 1004 Fors
372 952 439 1006 erat
453 919 566 1006 molam
582 952 658 1006 tuno
669 941 778 1007 audire

278 1060 363 1136 Quae
377 1075 469 1152 grato
484 1063 588 1127 sonitu
601 1061 717 1126 lenire:
835 1069 838 1077 '

278 1179 369 1245 Mola
384 1181 452 1246 haeu
465 1194 532 1246 erat
546 1183 626 1247 bene
640 1195 716 1247 nota

279 1300 414 1378 Alberti,
426 1301 509 1366 aedes
523 1325 581 1366 nec
595 1315 727 1366 remota.
811 1359 812 1362 ,

280 1419 437 1486 Alumnus
450 1422 558 1498 intrat,
573 1423 623 1486 cui
639 1445 815 1510 cognomen

276 1541 432 1620 Jacobus3
456 1542 592 1608 faustum
605 1543 691 1630 quod
706 1545 745 1609 sit
760 1565 852 1609 omen
865 1542 872 1608 i

322 1663 428 1742 Nunc,
447 1663 552 1741 Musa,
567 1685 679 1752 pergas
693 1687 841 1728 enarrare

282 1783 440 1849 Fabellam
454 1782 568 1869 lapidei,
584 1783 736 1870 preclaris,

283 1903 433 1983 Gratum,
450 1905 527 1968 dum
541 1916 658 1968 restent
671 1877 867 1984 molendina„

283 2024 343 2089 Vel
359 2024 459 2090 Scotis
474 2024 588 2090 vivitur
599 2023 707 2089 furiati.

260 2221 264 2234 .
327 2145 430 2209 Intrat
444 2145 592 2224 Jacobus,
608 2169 667 2211 nec
681 2149 808 2234 ignotus

283 2265 425 2344 Alberto,
441 2257 556 2352 quippe
572 2266 656 2330 haud
671 2279 808 2332 remotus

284 2386 317 2450 A
331 2387 436 2451 villula
451 2409 513 2472 qua
527 2388 689 2453 habitabat

284 2505 391 2586 Pater,
407 2505 460 2569 hic
475 2529 602 2592 operam
618 2508 762 2572 navabat.

287 2626 340 2690 Sic
355 2625 471 2711 hospiti
485 2627 657 2715 benignum
673 2629 792 2694 vultum

288 2745 467 2824 Praebebat,
483 2749 656 2836 gratulatus
671 2749 826 2828 mahtim

288 2865 333 2930 Et
347 2866 428 2931 dixit
442 2879 518 2932 tunc
534 2868 731 2948 adolescenti,

264 3057 268 3066 ,
289 2985 405 3051 Gratas
420 2987 514 3073 quam
529 2989 678 3073 plurimas
689 2989 843 3068 reddenti,

292 3115 316 3149 “
339 3107 368 3185 1,
382 3107 427 3169 mi
442 3108 553 3187 amice3
570 3119 657 3192 petas
671 3109 755 3174 aedes

289 3224 366 3299 Qua
374 3207 467 3312 juata
482 3227 554 3290 sitas
569 3226 687 3290 ducant
697 3227 800 3311 pedes.

293 3347 431 3433 Oportet
444 3369 549 3412 morer
564 3345 617 3410 hie
631 3346 799 3431 paulisper,

293 3468 358 3534 Sed
373 3482 404 3533 te
418 3468 603 3532 conveniam
618 3459 769 3551 tantisper
781 3495 791 3546 ς

294 3589 420 3654 Interea
434 3586 486 3653 hic
500 3589 577 3652 dum
588 3611 667 3674 opus
681 3600 785 3652 actum

296 3709 361 3773 Ibis
376 3708 416 3773 ad
431 3708 535 3774 focum
550 3695 743 3786 calefactum,

294 3827 385 3894 Dum
400 3828 537 3907 redeam,
554 3828 645 3893 isthic
660 3845 782 3915 tempus
792 3841 873 3896 teres

296 3950 427 4016 Etcum
442 3973 543 4018 uxore
557 3951 774 4038 colloqueria''

294 4070 433 4137 Jacobus
448 4074 560 4140 annuit
574 4085 749 4151 contentus,

295 4191 341 4260 Et
355 4195 438 4262 oedes
454 4197 568 4284 quaerit
581 4197 662 4268 nihil
675 4198 786 4282 lentus.
