3060 4964
389 513 671 566 annuere-mar
689 513 739 563 ou
758 509 839 562 rna
859 509 1001 561 annau.
1136 486 1184 556 33

611 695 731 764 XXII.

203 867 338 957 Iamque
352 877 420 932 erat
433 865 562 936 indutus
580 865 655 930 Tom
674 864 783 930 Tailor
797 875 828 930 et
842 885 933 951 asper
945 864 980 928 in
995 861 1089 928 ermis

292 987 402 1058 Edidit
416 998 452 1052 ut
465 989 583 1074 primos
598 985 744 1054 machina
758 1008 845 1051 sacra
859 1008 963 1060 sonos,

141 1187 144 1192 ¹
204 1109 330 1198 Magna
341 1120 493 1196 strepens,
504 1107 639 1195 bellique
652 1107 776 1173 minans
790 1129 905 1195 augere
919 1107 1087 1174 tumultum

293 1229 328 1294 Si
338 1228 466 1315 quando
480 1230 611 1294 intraret
625 1227 761 1294 fervidus
774 1229 841 1314 ipse
855 1226 971 1292 aciem:

203 1349 292 1418 Dum
308 1361 414 1416 tamen
428 1351 462 1414 in
476 1372 618 1439 pugnum
628 1350 704 1428 ruit,
712 1349 775 1414 heu
788 1343 894 1415 lmale
908 1361 1017 1413 cautus
1031 1358 1063 1413 et
1077 1346 1189 1415 ardens

291 1469 422 1536 Decidit
435 1471 469 1536 In
483 1470 619 1558 gelidam
630 1470 843 1556 praecipitatus
856 1469 999 1547 humum,

205 1591 312 1681 Atque
325 1591 370 1655 ibi
383 1591 542 1655 tundz'bulo
554 1612 646 1677 super
660 1610 768 1655 aurem
782 1601 875 1678 atque
890 1612 946 1655 ora
954 1591 1112 1677 jacentem

293 1711 448 1782 Contudit
463 1712 585 1800 ingenti
599 1733 680 1776 saeva
693 1712 801 1798 virago
810 1711 924 1777 virum.

621 1940 758 2010 XXIII.

207 2099 259 2163 Sic
273 2105 440 2184 postqudm
453 2097 621 2175 irruerant,
638 2099 720 2162 tauri
733 2118 797 2183 quo
811 2119 899 2162 more
912 2096 1041 2177 feroces,

296 2217 539 2304 Pereuleratque
552 2239 647 2282 urens
661 2218 732 2282 laesa
747 2218 875 2282 cerebra
886 2216 988 2296 furor,

210 2337 306 2407 Tunc
316 2348 428 2424 pacata
438 2337 552 2404 cohors
566 2339 636 2417 fuit,
653 2339 746 2426 atque
757 2339 912 2403 simillima
922 2338 1016 2404 mulia

295 2459 409 2525 Maera
423 2460 536 2547 quibus
551 2461 666 2525 denum
681 2473 770 2548 terga
784 2459 895 2550 fatigat
909 2483 1007 2526 onus:

211 2579 345 2647 Leseitie
359 2579 487 2646 tandem
500 2579 580 2649 male
595 2603 670 2647 sana
681 2594 713 2645 et
722 2577 834 2647 anhela
848 2594 972 2647 caterva
1014 2580 1016 2584 ’

297 2699 351 2764 nd
366 2711 493 2777 terram,
506 2711 590 2765 secta
603 2712 638 2766 ut
652 2702 745 2790 gleba
758 2701 876 2791 ligone,
893 2702 1028 2767 ceduntr

211 2819 335 2893 Turma
349 2843 459 2886 recens
473 2821 576 2900 venit2
587 2834 619 2887 et
632 2822 728 2888 finem
738 2825 878 2909 positura
892 2822 1004 2902 labori,

296 2939 463 3014 Defessam
479 2941 561 3013 facili
576 2942 682 3029 dejicit
696 2956 763 3014 arte
776 2967 915 3034 gregem.

635 3131 767 3198 XXIV.

118 3283 124 3290 “
211 3281 346 3373 Jamque
360 3304 439 3370 opus
454 3282 641 3350 exhaustum
657 3298 724 3364 est3
747 3287 829 3351 solus
840 3286 913 3353 edm
928 3288 1034 3376 Dicky
1048 3289 1177 3375 bipenni

301 3402 401 3468 Exilit
415 3405 534 3469 icturus
546 3403 672 3493 lignula
685 3427 784 3490 parva
796 3408 901 3494 gravi:

213 3531 236 3568 ‘¹
253 3523 407 3603 Furcifer,
422 3524 500 3590 heus
515 3526 569 3590 ubi
585 3529 705 3604 nnnc,’'
719 3528 845 3608 clamat,
862 3538 886 3571 “
902 3530 1093 3596 latrunculus
1106 3530 1164 3598 iste

302 3642 444 3712 Conatus
458 3645 586 3714 fratrem
602 3650 656 3735 qui
670 3651 810 3716 nocuisse
823 3652 958 3717 meum.''

216 3763 322 3844 Uxor,
340 3774 363 3809 ‘⁶
378 3767 478 3832 Abito
494 3768 659 3848 domnm,''
675 3771 779 3857 jussit,
804 3783 826 3817 ‘⁸
842 3771 1016 3838 Gilbertule
1030 3771 1151 3850 stulte,'’

304 3884 379 3973 Ipsa
393 3887 488 3952 etiam
503 3901 605 3955 mater
623 3890 745 3976 Maggy
753 3891 884 3978 jubebat
895 3892 996 3958 idem:

219 4007 333 4088 Miltia,
349 4032 520 4076 conversus
535 4012 623 4079 dedit
638 4011 712 4078 huic
727 4026 759 4080 et
772 4014 901 4080 verbera
916 4028 946 4080 et
961 4015 1017 4092 illi,

306 4131 412 4200 Ausus
427 4133 512 4202 euim
526 4133 627 4203 nullos
646 4134 783 4224 plectere
796 4147 909 4222 praeter
923 4159 986 4206 eas·

694 4277 714 4322 c
